3384 5625
673 792 872 839 nncrronns
896 793 1026 840 vnnrn.
1334 776 1399 839 153

347 975 510 1055 episcopo
544 975 720 1037 suadente.
773 975 820 1037 Et
849 984 903 1038 est
931 995 1044 1039 sermo
1075 975 1168 1037 omni
1201 973 1399 1056 acceptione

348 1073 584 1155 dignissimus.

308 1213 364 1250 ΡΛΘ.
388 1214 438 1249 un.

298 1276 373 1353 166,
392 1278 445 1352 22,
461 1275 546 1338 aliar
561 1296 630 1340 con·
696 1274 765 1338 alio
778 1275 976 1358 recipiente.

450 1375 572 1458 surrento

297 1494 370 1572 167,
388 1498 440 1574 29,
455 1498 557 1560 Linus
696 1495 816 1562 Limia

297 1622 370 1697 168,
386 1624 437 1697 33,
454 1622 618 1685 conutitutc
695 1621 818 1704 posita.

297 1742 369 1820 170,
411 1747 443 1822 2,
456 1745 569 1809 inclusi
696 1743 838 1807 obsessi.

298 1864 371 1943 171,
410 1870 439 1943 1,
458 1868 583 1931 monuit
695 1866 849 1943 evanuit,
880 1866 983 1929 modo
1011 1865 1081 1929 fere
1111 1869 1270 1932 omnibus
1299 1870 1398 1952 igno-

718 1972 811 2043 rato;
836 1964 969 2029 utinam
987 1985 1056 2029 non
1071 1975 1111 2030 ut
1122 1966 1214 2031 fama
1230 1969 1334 2033 refert
1345 1971 1397 2033 in·

718 2064 819 2128 vida!
865 2065 995 2129 Eodem
1009 2084 1113 2143 anno,
1129 2086 1206 2130 cum
1226 2068 1397 2133 Innocen-

718 2164 786 2226 tius
811 2182 904 2246 papa
931 2165 975 2228 ad
1003 2166 1258 2247 expeditionem
1280 2168 1397 2233 Terrae

717 2271 861 2340 sanctae,
888 2272 927 2327 nt
954 2264 1056 2342 dixit,
1082 2266 1125 2329 ad
1156 2268 1396 2332 occultandam

717 2381 813 2425 suam
829 2364 1024 2441 avaritiam,
1034 2365 1202 2429 infinitam
1216 2368 1396 2450 pecuniam

718 2464 761 2525 ab
783 2462 903 2525 ordine
920 2463 1140 2528 cisterciensi
1160 2468 1397 2548 proposuisset

717 2570 937 2644 extorquere,
953 2582 974 2625 a
987 2565 1091 2627 beata
1102 2564 1247 2645 Virgine
1262 2585 1396 2647 correp·

717 2668 775 2723 tus
804 2662 849 2723 ab
877 2661 1060 2725 exactione
1086 2664 1247 2739 cessavit,
1273 2665 1396 2727 timore

716 2778 910 2842 percussus.
972 2758 1190 2825 Generaliter
1224 2781 1304 2826 vero
1336 2782 1397 2845 per

715 2858 880 2942 Angliam
922 2860 1220 2942 quadragesimam
1262 2870 1396 2945 partem

716 2960 937 3041 pecuniarum
959 2960 1151 3025 reddituum
1169 2962 1395 3027 mandaverat

715 3060 864 3142 erogari,
888 3060 931 3122 ad
954 3061 1020 3123 iter
1044 3079 1145 3124 cruce
1168 3062 1394 3142 signatorum.

716 3157 787 3221 His
818 3158 1031 3240 temporibus
1065 3160 1151 3224 obiit
1183 3162 1237 3224 vir
1269 3163 1394 3226 nobilis

714 3257 911 3320 Willelmus
927 3257 970 3320 de
987 3258 1182 3324 Stutevilla.

293 3417 344 3427 -
410 3379 439 3458 7,
455 3382 593 3445 cationes
692 3380 863 3461 regiones

292 3546 343 3556 —
408 3507 440 3581 9,
458 3503 624 3568 ludebatur
693 3503 886 3566 haberetur.

291 3668 343 3680 -
407 3668 434 3679 -
458 3630 548 3712 quusi
693 3628 796 3711 quod.

299 3792 342 3804 -
387 3754 440 3828 12,
449 3753 628 3834 peretrina-
692 3751 785 3815 addit
806 3749 933 3829 Paris,
957 3750 1087 3815 Eodem
1112 3770 1203 3814 anno
1229 3771 1292 3816 rex
1314 3752 1395 3820 fecit

383 3832 386 3839 ¹
456 3861 547 3914 emunt
716 3851 924 3932 generaliter
961 3851 1156 3928 acclamari,
1197 3859 1235 3916 ut
1273 3853 1395 3936 legalis

715 3951 826 4013 assisa
839 3950 940 4032 panis
956 3950 1275 4015 inviolabilitersub
1290 3973 1395 4035 poena

716 4048 946 4130 collistrigiali
988 4050 1241 4113 observaretur.
1304 4051 1393 4129 Quae

715 4148 862 4228 probata
881 4148 947 4210 fuit
972 4166 1033 4228 per
1053 4147 1217 4229 pistorem
1235 4146 1394 4214 Gaufridi

716 4245 777 4308 filii
792 4244 833 4309 P.
847 4245 1034 4329 justiciarii
1057 4244 1209 4325 Angliae,
1232 4255 1267 4311 et
1285 4250 1393 4331 pisto-

716 4364 787 4408 rem
823 4344 868 4408 R.
901 4345 943 4409 de
976 4345 1175 4425 Thurnam;
1215 4347 1266 4410 ita
1301 4350 1392 4431 quod

716 4444 864 4525 pistores
886 4446 1037 4526 poterint
1054 4446 1105 4509 sic
1121 4445 1279 4524 vendere,
1298 4457 1333 4513 et
1357 4451 1392 4513 in

716 4545 870 4625 quolibet
890 4546 1064 4627 quarterio
1088 4545 1214 4609 lucrari
1239 4554 1309 4611 tres
1334 4548 1392 4611 de-
