3384 5625
293 786 359 850 274
666 794 866 844 nncrrouns
892 794 1023 842 venun.

308 925 365 961 Plo.
389 924 441 961 bnt.

296 989 369 1064 215,
410 989 442 1063 4,
459 983 585 1048 manat
695 982 777 1046 licet
788 988 920 1046 cartam
935 980 1039 1063 regis,
1053 980 1238 1056 utdicitur,
1256 978 1404 1042 haberet

719 1082 858 1147 ballivae
875 1100 948 1146 snae
962 1078 1220 1163 perpetuandae,
1236 1077 1383 1142 amovit.
1407 1096 1411 1102 ·

298 1206 374 1284 247,
414 1212 447 1284 8,
462 1210 527 1292 ipae
699 1203 865 1287 corrupit,
882 1211 928 1268 et.

298 1371 348 1382 —
393 1334 446 1409 12,
462 1330 616 1395 subtranit
699 1329 888 1412 copulavit.

300 1499 347 1510 -
392 1457 444 1533 14,
462 1454 544 1519 nulli
564 1500 621 1518 ...
639 1499 646 1515 .
698 1451 930 1516 invincibilem
947 1451 1104 1515 reddidit.

459 1562 603 1640 portaret

298 1720 349 1731 -
394 1676 651 1760 15‚uiocipotu·
700 1671 816 1736 deum.

464 1777 545 1852 ieret
560 1774 625 1859 ipro

299 1945 350 1955 -
395 1902 445 1977 16,
456 1918 607 1985 promtum
701 1894 789 1959 deest

299 2068 350 2078 ..
394 2026 446 2100 19,
456 2021 603 2107 principi
702 2017 822 2082 eidem.

458 2120 652 2185 Wolliorwm

302 2250 446 2325 248,15,
462 2243 616 2328 interfecit
703 2242 851 2309 interfici
868 2241 1089 2325 procuravit3
1116 2247 1152 2307 et
1166 2261 1228 2325 per
1248 2242 1409 2308 incanta·

726 2345 837 2408 tiones
867 2350 902 2405 et
926 2340 1106 2423 sortilegia
1137 2361 1252 2424 regem
1282 2342 1328 2407 ad
1355 2343 1408 2407 sa·

725 2462 842 2506 vorem
860 2449 895 2504 et
909 2440 963 2503 sui
983 2440 1167 2523 specialem
1183 2442 1285 2505 nimis
1300 2442 1404 2507 dilec-

726 2542 854 2606 tionem
869 2539 1110 2619 inclinaverat3
1135 2548 1170 2605 et
1183 2541 1274 2623 qnod
1287 2542 1323 2605 in
1339 2541 1407 2605 dis-

726 2640 907 2717 confitura‚
936 2659 1014 2722 quae
1044 2647 1119 2704 erat
1144 2640 1180 2703 in
1208 2641 1310 2719 mari,
1337 2641 1407 2724 pri-

726 2761 827 2806 sones
850 2740 976 2804 multos
998 2739 1130 2803 nobiles
1152 2741 1197 2805 ab
1218 2740 1333 2806 nautis
1350 2760 1406 2804 re-

726 2843 791 2924 gis,
820 2842 880 2923 qui
910 2859 969 2904 eos
1001 2840 1097 2924 juste
1132 2848 1306 2924 ceperant,
1339 2841 1407 2905 sibi

725 2942 817 3023 cepit
834 2948 870 3003 et
884 2939 1026 3003 retinuit
1041 2939 1241 3021 spoliandos
1254 2961 1263 3020 3
1287 2939 1347 3004 alii
1363 2941 1408 3005 de

725 3039 864 3123 injustis
893 3038 1229 3104 exbaeredationibns
1259 3040 1314 3103 vel
1345 3059 1409 3104 ex·

726 3139 920 3203 actionibus
952 3138 1007 3202 vel
1035 3138 1298 3221 spoliationibus
1325 3160 1407 3221 gra·

726 3259 803 3303 vem
829 3239 872 3302 de
901 3257 942 3302 eo
974 3238 1207 3322 deposuerunt
1233 3239 1408 3322 querimo-

726 3358 828 3402 nram.

304 3505 354 3516 -
400 3464 452 3539 16,
469 3462 655 3546 querimoni-
704 3461 990 3545 conquestisunt.

471 3583 524 3624 um
536 3583 655 3648 propo-

470 3670 597 3725 euomuit

306 3824 357 3835 -
401 3785 456 3858 29,
471 3779 594 3844 studens
705 3776 847 3841 studens
864 3796 905 3849 ac
921 3777 1051 3859 legens.

307 3907 380 3982 250,
420 3900 451 3982 7,
469 3903 657 3990 perstringe-
706 3900 1010 3983 persequebantur.
1038 3901 1127 3966 Cum
1140 3910 1256 3968 autem
1266 3904 1410 3988 majoris

472 4002 546 4068 beat
558 4025 657 4070 ...aa
728 3999 944 4065 discretionis
959 4002 1064 4079 cirea,
1079 4002 1240 4067 videlicet
1248 4002 1409 4068 Andreas

470 4105 552 4191 potio
573 4105 633 4169 im.
729 4099 881 4165 Bukerel
912 4107 947 4164 et
980 4100 1003 4163 J
1006 4100 1158 4166 ohannes
1188 4102 1339 4166 Travers
1374 4113 1409 4168 et

467 4207 604 4290 perfeeto
727 4200 868 4281 quidam
891 4199 962 4276 alii,
984 4200 1059 4263 haec
1078 4202 1196 4264 sanius
1218 4200 1411 4266 intellexis-

727 4307 816 4377 sent,
837 4300 1002 4363 librantes
1023 4298 1139 4364 fntura
1151 4301 1337 4390 scandala,
1354 4321 1411 4366 ve-

729 4407 855 4462 nerunt
870 4398 1072 4462 festinanter
1087 4399 1130 4462 ad
1148 4400 1321 4482 [domum]
1338 4402 1412 4484 epi-

729 4499 825 4580 scopi
836 4497 1084 4562 wintoniensis
1095 4496 1192 4563 Petri
1204 4500 1296 4582 apud
1305 4499 1412 4564 Suth-

730 4595 856 4674 werck,
874 4605 910 4661 et
929 4598 1123 4661 excitantes
1144 4617 1222 4662 eum
1245 4618 1268 4663 a
1289 4619 1411 4665 somno
