3384 5625
630 753 829 801 nncrrouus
853 753 986 803 vunnu.
1290 736 1356 801 305

228 981 232 987 .
302 934 387 998 bant
408 933 641 1010 comburendi,
667 940 789 1016 utpote
809 933 1043 997 Swaneburne
1065 934 1256 997 manerium
1282 932 1355 998 Ro-

303 1034 392 1098 berti
414 1032 612 1110 Passeleve,
635 1039 670 1096 et
693 1032 892 1109 Yvinkeho‚
922 1033 1074 1116 episcopi
1090 1033 1354 1111 Wintoniensis,

303 1152 381 1196 cum
411 1133 568 1215 frugibus
594 1139 629 1196 et
656 1133 882 1212 animalibus3
915 1140 950 1197 et
976 1133 1109 1196 insidiis
1138 1142 1353 1216 praeventum

303 1232 517 1296 Willelmum
547 1232 589 1295 de
620 1232 805 1295 Holewere
835 1232 991 1310 militem,
1023 1232 1235 1297 Hertfordiae
1264 1234 1353 1297 vice-

303 1332 474 1409 comitem,
496 1330 646 1413 eoquod
669 1329 780 1394 affinis
801 1339 894 1396 esset
913 1333 1004 1396 dicto
1026 1331 1180 1397 Roberto
1205 1340 1240 1395 et
1257 1351 1352 1397 soro·

303 1449 373 1493 rem
394 1430 676 1514 desponsaverat,
700 1431 911 1494 truculenter
932 1432 1152 1496 abduxerunt
1175 1438 1210 1495 et
1232 1431 1276 1494 ad
1295 1451 1352 1518 bre·

302 1530 533 1611 demptionem
563 1549 704 1611 gravem
731 1530 991 1612 compulerunt;
1030 1538 1231 1613 septemque
1258 1549 1352 1594 sum·

303 1629 429 1694 marios
465 1636 625 1694 oneratos
664 1629 830 1710 Stephani
867 1630 909 1692 de
945 1630 1096 1709 Segrave
1130 1636 1165 1693 et
1198 1630 1351 1712 episcopi

301 1728 552 1793 Wintoniensis
573 1730 663 1792 inter
690 1727 887 1809 Radingum
911 1737 946 1792 et
967 1729 1201 1810 Walingefort
1226 1748 1351 1810 rapue-

301 1835 394 1892 runt.
446 1828 590 1892 Interim
619 1835 735 1890 castra
764 1829 899 1891 comitis
929 1828 1127 1893 Marescalli
1161 1835 1350 1909 rapuerunt

301 1927 369 2009 ipsi
393 1947 553 2009 proceres
582 1926 773 2003 Hiberniae,
796 1934 1002 2009 occupantes
1026 1936 1061 1991 et
1083 1928 1172 1991 inter
1198 1947 1235 1990 se
1263 1928 1352 1990 divi·

301 2026 434 2103 dentes,
452 2029 543 2091 sicut
559 2027 609 2090 eis
628 2045 689 2108 per
705 2026 862 2089 chartam
876 2028 968 2109 regis
982 2027 1120 2091 fuerunt
1137 2026 1350 2104 confirmata,

300 2128 575 2208 possessionibus
589 2127 836 2189 incumbentes

250 2265 326 2405 did,
345 2266 400 2405 iii,
416 2328 451 2392 iu
459 2329 570 2410 fletum
647 2326 816 2390 infletum
832 2334 868 2390 et
883 2326 1175 2390 lamentationem.

248 2487 301 2499 —
344 2454 397 2531 20,
414 2452 558 2538 crepabat
647 2449 740 2513 addit
755 2450 876 2527 Paris,
892 2451 1079 2515 consimilis
1094 2452 1129 2513 in
1142 2450 1207 2512 hoc
1221 2450 1350 2526 David,

670 2569 789 2613 casum
820 2549 935 2613 Saulis
971 2558 1007 2614 et
1035 2549 1199 2614 Jonathae
1232 2548 1350 2631 deplo-

670 2649 791 2712 rantis.

246 2818 300 2830 -
343 2777 397 2851 21,
412 2776 552 2841 inimicos
648 2771 870 2837 offendentes

247 2941 299 2954 —
341 2909 503 2985 —potest
645 2895 737 2961 deest.

247 3065 298 3077 -
342 3025 394 3099 22,
403 3033 574 3108 persecuto
646 3022 816 3098 fidelibus,
839 3040 927 3104 qnos
950 3020 1046 3084 falsis
1069 3019 1348 3102 suggestionibus

415 3122 500 3187 ribus
514 3125 582 3187 Do·
668 3140 793 3185 exosos
811 3109 933 3184 habuit
950 3119 1148 3202 aliquande.

412 3223 531 3285 minum

245 3383 298 3395 —
341 3345 394 3419 32,
401 3344 590 3425 firmaretur
645 3340 737 3404 addit
766 3341 893 3413 Paris„
928 3340 1145 3422 Dicebatque
1179 3339 1348 3422 archiepi-

667 3460 792 3523 scopus
808 3439 1146 3515 circumsedentibus,
1162 3438 1250 3502 forte
1266 3458 1347 3518 rege

667 3540 839 3615 audiente,
857 3538 947 3620 quod
962 3538 1005 3600 ad
1022 3537 1124 3601 talem
1142 3536 1244 3600 finem
1261 3538 1347 3600 mul·

667 3639 712 3701 tis
754 3643 984 3718 pervenerunt
1025 3635 1345 3718 disceptationibus

566 3724 568 3729 ⁵
667 3738 768 3801 minis
792 3737 978 3820 aliquando
999 3756 1043 3800 ex
1070 3743 1168 3818 parte
1195 3735 1287 3816 regis
1311 3742 1346 3799 et

667 3839 773 3900 totius
805 3837 888 3901 cleri
916 3837 1244 3912 intercurrentibus;
1272 3835 1348 3918 qui-

665 3936 729 3998 bus
756 3934 856 3997 minis
883 3937 933 3998 sic
959 3935 1084 3997 dicitur
1106 3933 1269 3997 Leolinus
1292 3954 1346 3997 re·

664 4032 856 4115 spondisse,
869 4032 973 4095 ‘Plus
991 4031 1094 4095 timeo
1109 4032 1345 4113 eleemosynas

665 4132 756 4213 regis
783 4149 886 4213 quam
915 4138 1024 4194 totam
1049 4130 1124 4214 ejus
1150 4149 1227 4193 cum
1252 4130 1344 4193 clero

664 4230 846 4295 militiam?

243 4362 318 4438 310,
360 4363 391 4438 2,
406 4359 542 4424 eeulutos
642 4354 866 4437 proscriptos

242 4523 293 4534 -
359 4485 390 4560 8,
406 4482 556 4547 rortdudu
643 4477 815 4541 conductu
832 4474 1051 4540 ducerentur.

1167 4615 1193 4659 X
1266 4640 1268 4644 ⁴
