3384 5625
709 796 910 846 bncrroritts
937 795 1072 845 VARIAE.

392 978 528 1045 litatem
550 979 638 1063 rogi,
670 986 707 1045 et
731 998 796 1044 rex
820 980 956 1065 juravit
984 979 1162 1043 libertates
1182 974 1448 1043 ¹ecclesiasticas

394 1087 430 1144 et
464 1081 574 1145 bonas
607 1080 702 1162 leges
732 1099 770 1143 se
803 1082 1076 1154 observaturum,
1109 1086 1144 1143 et
1179 1078 1259 1143 inde
1291 1077 1448 1142 chartam

394 1198 493 1242 suam
518 1179 611 1257 fecit,
637 1187 673 1244 et
700 1198 814 1243 comes
842 1179 1017 1244 Robertns
1045 1179 1110 1242 sibi
1140 1177 1340 1259 homagium
1366 1175 1450 1255 fecit

395 1279 460 1342 sub
487 1280 692 1359 conditione,
719 1279 863 1357 scilicet,
889 1279 919 1343 si
941 1279 1144 1361 dignitatern
1164 1296 1262 1341 suam
1284 1276 1349 1338 sibi
1375 1293 1449 1337 ser-

395 1385 495 1442 varet
509 1378 690 1455 illibatam,
707 1379 895 1443 secundnm
915 1378 1000 1443 illud
1017 1378 1198 1459 antiquum
1215 1374 1449 1458 proverbium,

397 1476 596 1555 ‘Quamdiu
624 1477 767 1541 habebis
797 1498 851 1542 me
880 1497 943 1561 pro
968 1484 1141 1553 senatore,
1170 1483 1206 1540 et
1232 1493 1297 1556 ego
1328 1482 1363 1537 te
1385 1490 1449 1554 pro

396 1575 628 1659 imperatore.'
1397 1563 1405 1579 ’

355 1724 412 1759 Plo.
440 1724 494 1762 UH·

348 1804 422 1879 219,
440 1806 492 1883 10,
507 1802 664 1868 liconiam
748 1802 935 1867 Oxoniam.

347 1962 399 1974 —
443 1929 496 2002 19,
513 1925 667 1992 excolavit
745 1925 961 2009 proscripsit.

346 2085 397 2096 —
442 2052 494 2126 30,
509 2049 646 2115 cesamo
745 2050 952 2132 proscripto.

349 2172 424 2246 220,
463 2173 495 2245 3,
504 2179 637 2255 propter
745 2193 809 2257 pro
823 2171 1037 2245 Theobaldo‚
1051 2170 1176 2234 comite
1193 2167 1366 2246 Blesensi,
1379 2167 1451 2231 fra-

496 2268 701 2334 Tlaolobiuoa
769 2280 822 2337 tro
838 2273 931 2355 regis
950 2270 1118 2355 Stephani
1135 2269 1274 2333 seniori.

553 2388 701 2433 amimam

351 2491 427 2567 221,
444 2490 496 2567 24,
515 2512 608 2576 sapor
746 2493 871 2557 fracta.

349 2615 427 2690 222,
444 2615 495 2690 21,
511 2613 624 2678 Daoid
746 2616 837 2681 decet.

351 2738 424 2814 223,
442 2739 496 2813 22,
510 2738 660 2824 coofhipt'to
672 2786 700 2803 ..
749 2741 929 2821 conterite,
946 2740 1006 2824 qui
1022 2740 1148 2804 sciunt.
1199 2808 1204 2817 ,

513 2840 652 2903 metam

351 2959 426 3033 224,
466 2961 496 3035 3,
511 2979 601 3024 aaron
746 2959 837 3026 deest.

349 3115 401 3125 -
467 3076 497 3157 7,
512 3079 635 3146 Attali
746 3083 838 3149 ὤκει.

352 3203 426 3279 225,
443 3203 495 3281 25,
512 3203 579 3289 ipro
597 3205 700 3272 ...la
748 3207 911 3289 episeopo
929 3211 1150 3270 consecratus
1167 3225 1245 3269 cum
1259 3205 1389 3288 legato.

513 3311 586 3388 pcto

352 3422 427 3502 227,
466 3427 497 3501 2,
515 3425 647 3494 Albanio
748 3421 933 3488 Albeneto.

349 3581 401 3595 --
446 3549 498 3626 14,
511 3548 703 3638 adpoqaom
749 3547 842 3612 addit
866 3546 993 3624 Paris„
1012 3547 1141 3610 Eodem
1167 3567 1258 3612 anno
1276 3548 1451 3615 Wintoni-

772 3645 865 3708 ensis
887 3645 1070 3727 episcopus
1094 3647 1261 3711 invitatos
1283 3648 1327 3711 ad
1347 3670 1451 3732 pran-

771 3743 866 3807 dium
900 3745 1067 3826 quosdam
1096 3746 1228 3809 nobiles
1260 3750 1373 3830 coegit
1406 3749 1450 3813 ad

772 3841 980 3906 deditionem
1025 3842 1219 3925 aliquorum
1258 3855 1477 3916 castrorum.

770 3941 966 4022 indignans.
1019 3940 1107 4006 Cum
1119 3941 1320 4010 Theobaldo
1337 3947 1449 4020 archi-

771 4040 933 4123 episcopo
954 4050 990 4107 et
1011 4041 1090 4105 aliis
1109 4043 1280 4125 episcopis
1307 4052 1342 4108 et
1363 4065 1450 4127 prae-

771 4139 853 4204 latis
872 4139 1013 4223 Angliae
1034 4140 1221 4204 concilium
1237 4143 1329 4224 apud
1346 4145 1448 4208 Win-

771 4241 962 4304 toniensom
1005 4236 1213 4325 [civitatem]
1262 4242 1451 4308 celebravit

771 4340 875 4402 tertio
887 4337 1051 4404 kalendas
1061 4338 1285 4419 Septembris,
1299 4341 1343 4404 ad
1355 4341 1448 4424 quod

771 4457 888 4519 regem
915 4438 1055 4502 fratrem
1086 4456 1186 4500 suum
1212 4441 1328 4503 vocari
1355 4441 1450 4518 fecit,

643 4539 645 4542 ’
771 4538 832 4618 qui
853 4538 1012 4601 comitem
1035 4534 1234 4601 Albcricnm
1253 4538 1296 4602 de
1312 4538 1386 4604 Ver
1412 4541 1449 4604 in
