3384 5625
298 762 362 826 170
671 777 871 825 nscmonns
894 776 1025 826 varum

298 959 519 1043 Perpendens
534 959 641 1041 igitur
656 979 731 1037 rex,
747 959 839 1041 quod
856 967 928 1024 tum
944 958 1165 1043 despicabilis
1189 979 1340 1042 persona
1358 960 1402 1026 ad

297 1067 368 1123 tam
397 1059 542 1123 arduum
572 1060 749 1141 negotium
782 1059 1025 1124 declarandum
1062 1080 1133 1123 non
1167 1060 1401 1125 destinaretur

297 1160 364 1222 nisi
377 1166 515 1242 saperet
536 1166 577 1223 ut
593 1159 738 1223 callidus
762 1166 798 1223 et
820 1160 1042 1242 intelligeret,
1060 1159 1180 1224 videns
1206 1160 1281 1244 ejus
1302 1181 1401 1226 eoro-

297 1279 378 1323 nam
395 1266 430 1323 et
445 1266 624 1323 tonsuram
641 1266 677 1322 et
693 1260 772 1323 inde
788 1258 985 1323 discernens
1010 1260 1102 1343 quod
1124 1267 1217 1324 esset
1241 1261 1400 1338 clericus,

291 1358 400 1443 jussit
417 1379 495 1423 eum
521 1359 565 1421 ad
593 1378 630 1422 se
654 1360 802 1433 evocari,
829 1358 913 1441 quia
938 1360 1015 1423 aliis
1043 1360 1263 1442 loquentibus
1285 1359 1400 1425 adhuc

296 1464 453 1523 tacuerat
468 1465 567 1522 stans
589 1467 752 1523 remotus.
807 1459 891 1541 Ipso
918 1459 1025 1540 igitur
1053 1467 1186 1523 retento
1212 1466 1249 1523 et
1273 1460 1400 1543 spretis

295 1558 385 1633 aliis
400 1578 463 1622 rex
480 1578 556 1621 cum
573 1577 614 1621 eo
628 1559 740 1622 multa
754 1557 961 1639 loquebatur
975 1558 1151 1635 secretius
1175 1577 1254 1641 quae
1275 1566 1399 1641 postea

295 1657 369 1740 ipse
399 1659 575 1723 Robertus
601 1659 720 1722 amicis
746 1658 818 1722 suis
844 1658 1019 1741 patefecit.
1071 1657 1257 1739 Inquisivit
1282 1666 1399 1723 autem

294 1757 406 1821 dictus
425 1777 487 1822 rex
502 1759 546 1821 ab
562 1757 694 1835 eodem,
714 1757 745 1820 si
769 1777 831 1821 rex
855 1757 995 1839 Angliae
1016 1757 1040 1820 J
1043 1757 1195 1822 ohannes
1224 1758 1398 1841 aliquibus

293 1857 440 1939 polleret
458 1859 622 1935 moribus,
641 1865 676 1921 et
698 1858 727 1920 si
751 1858 878 1921 liberos
896 1865 1055 1922 strenuos
1070 1864 1298 1939 procreasset,
1317 1866 1353 1922 et
1367 1859 1398 1921 si

293 1964 416 2039 potens
434 1962 525 2021 esset
535 1958 570 2019 in
588 1958 624 2020 vi
640 1957 863 2038 generativa3
887 1957 1099 2040 addiditque,
1112 1956 1205 2040 quod
1219 1957 1249 2020 si
1263 1956 1398 2021 Rober-

296 2063 353 2120 tus
377 2076 483 2139 super
511 2055 564 2119 his
593 2056 815 2138 interrogatis
844 2058 1059 2133 mentiretur,
1091 2075 1278 2138 nunquam,
1306 2076 1397 2139 praa-

294 2155 394 2237 cipue
422 2156 559 2232 clerico,
581 2156 735 2220 crederet
757 2155 965 2221 Christiano.
1017 2156 1116 2219 Tunc
1134 2156 1310 2220 Robertus
1332 2157 1396 2220 sub

295 2256 519 2319 attestatione
544 2256 631 2337 legis
650 2255 857 2319 Christianae
873 2275 910 2319 se
926 2255 1084 2337 promisit
1099 2255 1142 2319 ad
1159 2256 1275 2319 omnia
1288 2256 1396 2319 inter-

295 2362 418 2434 rogata
435 2354 604 2418 veraciter
628 2374 884 2437 responsurum.
937 2354 1038 2419 Dixit
1055 2356 1162 2436 igitur
1178 2352 1395 2434 affirmative,

295 2453 387 2535 quod
409 2455 525 2535 potius
551 2453 617 2518 fuit
642 2461 811 2537 tyrannus
838 2474 943 2536 quam
968 2474 1043 2531 rex,
1065 2455 1182 2536 potius
1210 2455 1396 2519 subversor

295 2572 398 2635 quam
414 2555 635 2635 gubernator,
654 2572 837 2636 oppressor
850 2573 991 2617 suorum
1008 2561 1043 2618 et
1055 2554 1169 2617 fautor
1186 2554 1393 2635 alienorum3

295 2653 349 2717 leo
366 2654 438 2717 suis
461 2653 620 2730 subditis,
643 2673 753 2735 agnus
769 2653 972 2735 alienigenis
989 2660 1025 2717 et
1038 2654 1235 2731 rebellibus,
1255 2655 1316 2736 qui
1332 2674 1395 2740 per

295 2753 461 2818 desidiam
476 2772 574 2817 suam
592 2753 817 2818 Normanniae
835 2754 999 2819 ducatum
1016 2760 1052 2818 et
1072 2753 1160 2817 alias
1179 2754 1308 2818 multas
1323 2761 1393 2819 ter·

293 2873 351 2916 ras
381 2855 555 2929 amiserat,
587 2860 622 2917 et
646 2855 787 2937 insuper
813 2853 954 2935 Angliae
984 2873 1128 2935 regnum
1152 2854 1310 2918 amittere
1336 2856 1393 2919 vel

293 2952 469 3016 destruere
486 2952 648 3030 sitiebat3
674 2951 829 3034 pecuniae
845 2960 1003 3016 extortor
1019 2952 1238 3027 insatiabilis,
1253 2972 1392 3036 posses·

292 3051 428 3114 sionum
443 3070 583 3114 suorum
599 3049 808 3114 naturalium
826 3051 966 3115 invasor
979 3058 1014 3115 et
1025 3052 1238 3128 destruetor3
1262 3072 1393 3134 paucos

294 3151 350 3213 vel
373 3151 491 3232 potius
516 3150 629 3214 nullos
650 3158 811 3215 strenuos
836 3152 1028 3232 generavit,
1056 3151 1116 3215 sed
1141 3152 1391 3234 patrissantes3

294 3269 456 3333 sponsam
476 3250 581 3314 habet
595 3250 661 3314 sibi
676 3270 817 3314 exosam
835 3257 870 3314 et
883 3251 996 3334 ipsum
1013 3250 1195 3326 odientem,
1213 3250 1395 3329 incestam,

293 3350 483 3413 maleficam
502 3359 537 3414 et
553 3349 758 3427 adulteram,
772 3357 807 3414 et
821 3370 925 3434 super
941 3350 1016 3414 haec
1031 3351 1159 3433 saepius
1182 3352 1392 3428 convictam,

295 3450 384 3514 unde
398 3470 460 3514 rex
477 3469 624 3531 sponsus
639 3450 715 3534 ejus
737 3450 1002 3533 comprehensos
1024 3448 1150 3532 laqueo
1163 3449 1271 3533 jussit
1288 3470 1394 3533 super

295 3557 441 3614 stratum
458 3550 533 3633 ejus
549 3549 731 3626 suffocari3
754 3550 828 3632 ipse
845 3569 907 3612 rex
924 3549 1145 3613 nihilominus
1167 3550 1295 3613 multos
1316 3569 1393 3632 pro

294 3668 407 3712 cerum
435 3668 575 3712 suorum
602 3657 638 3711 et
666 3648 770 3711 etiam
798 3651 1074 3729 consanguineos
1092 3649 1294 3731 zelotipavit
1317 3649 1390 3713 vio·

293 3746 415 3823 lenter,
447 3766 488 3808 ac
520 3747 609 3808 filias
634 3745 786 3827 corrupit
814 3747 948 3811 nubiles
980 3758 1016 3812 et
1041 3767 1196 3828 sorores3
1229 3749 1265 3811 in
1295 3748 1391 3812 cultu

293 3853 409 3908 autem
439 3844 648 3922 Christiano,
677 3852 780 3927 prout
812 3845 970 3922 audistis,
995 3848 1167 3913 fluctuans
1189 3855 1225 3911 et
1248 3846 1391 3911 diffisus.

294 3945 384 4008 Haec
416 3965 493 4008 cum
526 3944 680 4008 audisset
713 3964 775 4007 rex
808 3945 1019 4024 admiraliuS,
1050 3968 1119 4011 non
1153 3955 1270 4011 tamen
1301 3947 1392 4010 sicut

293 4045 388 4126 prius
419 4045 532 4128 ipsum
567 4043 710 4127 sprevit,
741 4044 801 4106 sed
830 4044 1068 4120 detestabatur
1097 4054 1132 4111 et
1160 4047 1196 4110 in
1220 4065 1285 4110 sua
1314 4046 1393 4127 lege

293 4144 484 4221 maledixit,
507 4151 542 4208 et
565 4144 626 4220 ait,
645 4142 788 4222 ‘Quare
809 4147 1015 4227 permittunt
1035 4147 1149 4209 miseri
1176 4144 1315 4227 Anglici
1338 4152 1393 4210 ta-

292 4244 358 4307 lem
378 4264 482 4327 super
500 4263 537 4308 se
554 4263 697 4325 regnare
722 4250 756 4307 et
776 4243 969 4309 dominari‘l
996 4265 1077 4309 vere
1094 4244 1294 4309 effoeminati
1308 4251 1392 4309 sunt

292 4350 327 4405 et
342 4344 507 4407 serviles?
560 4342 754 4425 Respondit
778 4343 966 4421 Robertus,
984 4351 994 4379 ‘
1009 4342 1260 4408 Patientissimi
1280 4343 1391 4407 homi-

292 4461 372 4504 num
404 4449 487 4505 sunt
509 4440 662 4523 Anglici,
686 4443 794 4507 donec
821 4463 927 4526 supra
954 4443 1091 4507 modum
1117 4443 1335 4508 offendantur
1354 4450 1390 4507 et

292 4540 564 4605 damnificentur.
634 4542 737 4605 Nunc
778 4550 893 4607 autem
933 4543 1022 4607 sicut
1052 4542 1107 4607 leo
1146 4544 1202 4608 vel
1238 4543 1390 4625 elephas,
