3384 5625
291 783 356 848 196
663 802 862 851 cromerus
886 802 1018 850 unuln.

306 931 362 966 me.
388 931 441 969 uit.

297 996 370 1069 348,
409 996 441 1070 3,
456 993 612 1057 Jolcooocs
692 995 785 1059 addit
796 996 923 1072 Paris„
934 996 1047 1060 factus
1058 994 1101 1057 de
1117 1013 1197 1076 rege
1216 1000 1398 1076 tyrannus,

717 1095 820 1159 immo
845 1095 887 1158 de
909 1095 1046 1159 homine
1068 1094 1104 1158 in
1119 1093 1298 1158 bestialem
1318 1111 1400 1175 pro-

717 1214 878 1276 rumpens
892 1194 1075 1258 feritatem.

295 1349 347 1359 —
390 1314 443 1386 13,
462 1331 615 1395 emmaque
696 1317 866 1382 vastando
883 1337 1013 1381 omnes

297 1479 348 1490 -
393 1433 445 1510 17,
460 1436 488 1499 si
496 1437 600 1519 forte.
617 1482 647 1497 ..
692 1442 741 1513 ‚ad
765 1441 940 1505 cumulum
962 1440 1186 1506 desolationis
1205 1417 1240 1503 et
1254 1438 1398 1501 malitiae

455 1535 616 1599 desolatio·
718 1560 802 1605 suae.

458 1656 525 1697 nem

299 1799 350 1810 —
396 1759 650 1835 rotomorum
698 1763 791 1827 addit
807 1763 934 1838 Paris,
946 1763 976 1825 si
991 1761 1124 1825 inimici
1133 1761 1187 1825 sui
1199 1759 1399 1843 appellandi

461 1878 585 1921 suorum
720 1868 813 1939 sunt,
839 1862 1002 1944 quicum
1030 1861 1074 1925 ad
1101 1859 1399 1924 mansuetudinem

721 1969 756 2025 et
766 1962 939 2044 justitiam
954 1968 1168 2025 mansuetam
1181 1960 1400 2024 introducere

721 2061 916 2125 voluerunt.

299 2217 349 2227 -
394 2176 448 2252 21,
463 2176 568 2239 saltem
699 2186 789 2250 deest,

299 2334 350 2347 ...
395 2296 446 2370 23,
463 2305 610 2359 sustenta-
698 2309 887 2390 saginaret.

465 2402 511 2456 ret

299 2558 349 2569 -
394 2518 445 2594 24,
464 2518 512 2583 ool
527 2520 625 2582 aetotis
699 2520 813 2583 aetatis
828 2518 884 2582 vel
899 2517 1040 2583 ordinis

299 2684 349 2694 -
394 2644 446 2719 25,
462 2652 593 2706 coemcte-
699 2641 878 2707 ecclesiam
895 2643 951 2707 vel
967 2642 1210 2706 coemeterium.

465 2764 549 2805 rcum

298 2905 349 2918 -
394 2867 446 2942 26,
460 2865 640 2951 copolentur
699 2866 791 2929 addit
817 2866 943 2941 Paris,
968 2864 1155 2927 secundum
1181 2862 1267 2926 illud
1286 2860 1400 2944 poeti-

722 2957 1025 3044 cum,‘Quicquid¹
1039 2963 1186 3026 delirant
1199 2981 1299 3042 reges
1308 2961 1402 3043 plec-

722 3061 1006 3126 tunturAchivi.'
1060 3061 1119 3125 Ira
1146 3060 1339 3144 principum
1362 3060 1399 3123 in

722 3181 913 3245 pauperum
954 3161 1186 3225 innocentiam
1227 3159 1400 3222 redunda-

721 3263 794 3325 bat.

299 3427 349 3437 -
394 3383 652 3468 nonnunquam
699 3385 792 3450 addit
817 3384 945 3459 Paris„
972 3391 1007 3446 et
1037 3382 1103 3446 sibi
1126 3380 1300 3466 salutique
1326 3400 1402 3445 cor-

721 3504 843 3566 porum
859 3483 1089 3547 consulentes.

299 3649 350 3658 -
395 3610 446 3681 30,
464 3605 637 3688 superveni
700 3608 788 3672 deest.

463 3702 579 3764 entibus

302 3828 376 3899 349,
414 3828 446 3901 9,
463 3826 533 3986 pito
545 3871 552 3885 .
565 3870 573 3885 .
586 3823 617 3886 ‚l
637 3860 651 3869 ·
700 3827 866 3893 victualia
882 3829 1093 3910 praecludere
1109 3834 1282 3892 curarent.

483 3930 608 3986 orarent

300 4085 350 4095 -
395 4045 447 4120 12,
464 4042 590 4128 rapinis
700 4041 792 4105 addit
808 4041 932 4118 Paris,
946 4042 1106 4126 exemplo
1122 4042 1325 4108 Holofernis
1342 4043 1402 4106 du-

723 4142 773 4204 cis
789 4142 963 4204 exercitus
980 4140 1216 4224 Assyriorum.

300 4306 351 4318 -
396 4261 449 4340 17,
468 4265 625 4348 impretia-
699 4264 987 4328 inaestimabilem.

466 4361 555 4426 bitom

625 4547 787 4618 Quicquid]
806 4555 897 4604 Horat.
910 4567 928 4605 t.
942 4555 992 4617 Ep.
1003 4555 1031 4604 ii.
1045 4559 1084 4605 14.
