3384 5625
334 752 379 817 58
707 768 909 818 uncrronns
933 769 1067 818 verrin.

346 892 402 929 Plo.
426 891 479 928 ult.

337 957 412 1028 183,
432 955 484 1028 16,
495 960 689 1017 antecessores
736 954 1008 1036 praedecessores
1031 956 1227 1036 praecessit3
1252 955 1367 1020 sedin
1387 956 1443 1021 his

491 1053 652 1136 processit
758 1056 917 1118 omnibus
943 1056 1057 1119 factus
1088 1061 1142 1118 est
1172 1055 1250 1119 Deo
1280 1056 1442 1138 ingratis-

758 1173 877 1216 srmus.

335 1316 386 1326 -
430 1276 484 1351 20,
501 1272 554 1336 uta·
574 1274 689 1337 canuit
735 1277 791 1339 cui
806 1276 931 1339 innuit.

335 1436 386 1444 —
431 1397 679 1474 30,anateasis
737 1398 959 1462 Oxoniensis

336 1525 409 1598 184,
449 1524 478 1598 6,
496 1521 676 1585 Alexander
735 1522 828 1586 addit
849 1522 976 1596 Paris,
1000 1518 1223 1585 Normannus
1250 1519 1345 1603 prior
1367 1520 1441 1584 fun-

757 1622 856 1685 davit
879 1621 1058 1684 ecclesiam
1084 1619 1214 1683 Christi
1236 1619 1442 1684 Londonen-

757 1722 817 1797 siS,
835 1722 901 1784 sub
918 1719 1107 1801 ordineque
1124 1719 1236 1782 sancti
1250 1716 1440 1799 Augustini

757 1820 944 1884 canonicos
962 1818 1158 1883 collocavit.

334 1989 385 1999 -
430 1946 481 2018 20,
498 1941 656 2005 interdici-
734 1943 949 2007 interdicam.

500 2063 568 2104 mus

333 2210 384 2220 -
429 2169 481 2241 23,
500 2163 558 2229 att
734 2160 821 2225 deest.

336 2294 409 2366 185,
449 2292 481 2364 1,
497 2287 685 2372 iaqucdrc·
734 2284 826 2348 addit
847 2283 975 2361 Paris,
999 2290 1124 2348 octavo
1147 2282 1315 2348 kalendas
1339 2286 1439 2363 Maii,

498 2387 615 2471 perimo
755 2384 888 2447 scilicet
904 2384 959 2446 die
977 2384 1088 2447 sancti
1104 2384 1230 2447 Marci.
1303 2467 1305 2471 .

334 2556 385 2567 -
451 2514 483 2583 5,
498 2509 582 2573 etad
593 2529 686 2593 opero
734 2506 848 2570 desum.

486 2609 687 2673 ...invitarat

334 2780 384 2791 -
450 2738 481 2815 6,
495 2733 632 2797 iaoitoat
734 2731 826 2796 addit
857 2731 982 2808 Paris,
1013 2728 1119 2794 Anno
1152 2750 1289 2814 quoque
1317 2731 1439 2804 eodem

757 2833 900 2896 celebris
933 2833 1126 2895 habebatur
1164 2833 1322 2913 epistola,
1358 2854 1437 2916 quae

758 2931 937 2994 dicebatur
963 2930 1097 2994 caelitus
1123 2931 1229 2994 missa
1252 2932 1289 2994 in
1315 2952 1438 2997 manus

757 3029 937 3113 cujusdam
953 3030 1101 3111 praelati,
1122 3030 1203 3093 dum
1223 3030 1363 3094 missam
1383 3053 1439 3096 ce-

756 3129 917 3206 lebraret,
934 3128 978 3191 ad
1000 3129 1241 3211 temperandas
1260 3130 1438 3196 Romano·

757 3249 831 3292 rum
858 3229 1090 3305 enormitates,
1120 3247 1198 3311 quae
1221 3229 1332 3293 indies
1360 3250 1439 3295 suc-

757 3336 950 3393 creverunt.
984 3328 1221 3392 ‘Excitabitur
1231 3328 1345 3392 Roma
1357 3350 1439 3394 con-

756 3437 811 3492 tra
828 3429 1038 3504 Romanum,
1061 3434 1096 3490 et
1115 3426 1293 3491 Romanus
1309 3431 1438 3494 substi-

757 3536 864 3603 tutos,
890 3528 1039 3591 Romam
1065 3526 1224 3590 Romano
1245 3529 1436 3594 imminuet.

756 3626 1026 3689 Alleviabuntur
1057 3627 1148 3689 vires
1179 3634 1369 3708 pastorum,
1402 3637 1439 3694 et

756 3725 919 3788 solatium
942 3743 1060 3787 eorum
1078 3726 1144 3788 erit
1158 3727 1193 3788 in
1210 3727 1293 3790 otio.
1345 3728 1437 3792 Tur·

756 3825 930 3887 babuntur
960 3822 1071 3886 seduli
1095 3831 1131 3888 et
1156 3826 1315 3903 orabunt,
1343 3835 1378 3891 et
1400 3829 1437 3891 iu

755 3924 942 4006 lachrymis
973 3923 1157 3987 multorum
1191 3924 1256 3988 erit
1285 3927 1437 4009 requies3

755 4023 894 4086 humilis
915 4023 1047 4087 alludet
1067 4023 1264 4101 furibundo,
1286 4032 1321 4088 et
1342 4026 1438 4090 furor

755 4124 964 4204 extinguens
979 4123 1188 4205 palpabitur.
1215 4123 1339 4188 Novus
1350 4145 1437 4207 grex

755 4231 871 4306 speret
901 4223 945 4286 ad
975 4223 1162 4298 cumulum,
1198 4230 1234 4286 et
1267 4225 1326 4307 qui
1358 4226 1437 4288 inti-

754 4324 913 4386 tulantur
958 4323 1054 4384 tenui
1100 4321 1178 4385 cibo
1220 4322 1436 4390 cibabuntur.

756 4423 940 4486 Frustrata
968 4427 1021 4484 est
1046 4439 1126 4502 spes
1154 4424 1379 4503 sperantium,
1401 4432 1437 4490 ct

754 4522 938 4602 requiescit
967 4521 1142 4596 solatium,
1174 4522 1209 4584 in
1239 4542 1307 4604 quo
1333 4533 1436 4606 parat
