3384 5625
663 793 864 840 uucrionus
887 792 1020 841 virum
1237 839 1244 852 ,
1326 774 1391 839 185

294 976 541 1041 ‘Innocentius
569 976 763 1058 episcopus,
786 982 822 1038 et
844 982 983 1051 caetera,
1002 973 1255 1037 venerabihbus
1277 972 1392 1037 fratri-

291 1078 356 1140 bus
378 1084 414 1140 et
438 1076 573 1140 dilectis
598 1076 678 1138 filiis
704 1074 877 1138 universis
908 1074 1130 1139 ecclesiarum
1151 1072 1305 1155 praelatis
1330 1092 1393 1154 per

294 1174 455 1257 Angliam
489 1176 699 1249 constitutis,
730 1175 876 1237 salutem
909 1181 944 1237 et
978 1173 1204 1256 apostohcam
1235 1171 1393 1236 benedic-

294 1276 433 1339 tionem.
499 1275 625 1355 Diguis
666 1274 825 1336 laudibus
866 1273 1057 1336 attollimus
1100 1272 1391 1354 magnificentiam

296 1374 483 1450 CreatoriS,
506 1381 687 1456 postquam
709 1372 811 1450 idem,
834 1372 895 1454 qui
919 1379 973 1436 est
992 1373 1158 1436 mirabilis
1180 1379 1216 1436 et
1231 1372 1393 1436 terribilis

296 1474 332 1536 in
351 1475 504 1537 consiliis
522 1492 626 1555 super
648 1472 737 1535 filios
753 1472 942 1548 homiuum,
960 1471 1161 1554 aliquandiu
1178 1472 1338 1535 toleravit
1354 1480 1394 1535 ut

295 1572 472 1654 perflando
501 1572 708 1636 discurreret
730 1591 791 1654 per
813 1572 962 1634 areolam
987 1571 1077 1634 horti
1103 1572 1155 1634 sui
1180 1564 1293 1653 ¹spem
1311 1579 1394 1635 tem-

296 1674 441 1753 pestatis
475 1672 574 1754 quasi
602 1671 736 1747 ludens,
765 1670 882 1734 taliter
907 1671 943 1733 in
969 1674 1051 1733 orbe
1077 1677 1258 1748 terrarum,
1284 1678 1323 1734 ut
1344 1670 1394 1734 sic

297 1771 493 1835 ostenderet
514 1771 748 1835 infirmitatem
770 1778 805 1834 et
821 1768 1095 1833 insufficientiam
1116 1770 1237 1849 nobis;
1264 1771 1394 1845 statim,

235 1911 244 1920 -
298 1890 376 1933 cum
397 1871 521 1944 voluit,
542 1870 631 1934 dixit
648 1877 684 1934 et
700 1870 864 1952 aquiloni,
881 1875 890 1903 ‘
905 1869 984 1944 Da,'
999 1875 1034 1933 et
1050 1876 1180 1947 austro,
1196 1869 1303 1933 ‘Noli
1318 1888 1394 1950 pro

297 1970 435 2046 hibere,'
459 1971 701 2052 imperansque
729 1971 840 2034 ventis
866 1989 926 2051 per
954 1988 1048 2032 mare
1058 1970 1190 2058 ‚statuit
1211 1968 1396 2051 procellam

298 2070 333 2132 in
351 2088 448 2147 aura,
463 2078 502 2133 ut
519 2076 635 2134 nautae
650 2077 787 2151 portum
802 2070 980 2133 inveniant
997 2075 1240 2151 praeoptatum.
1294 2068 1397 2132 Cum·

300 2187 366 2250 que
384 2170 475 2232 enim
497 2170 587 2233 inter
608 2188 752 2250 regnum
769 2176 804 2232 et
821 2169 1050 2233 sacerdotium
1066 2167 1312 2250 Anglicanum,
1328 2186 1397 2231 nou

300 2268 374 2331 sine
402 2287 528 2350 magno
556 2268 709 2351 periculo
740 2275 844 2349 atque
873 2269 1009 2344 damno,
1039 2287 1144 2350 super
1173 2268 1397 2332 electionibus

300 2367 522 2449 praelatorum
548 2368 664 2448 gravis
694 2367 797 2430 fuerit
828 2368 1064 2432 controversia
1092 2367 1222 2431 diutius
1251 2368 1397 2449 agitata,

300 2466 360 2530 illo
382 2466 534 2543 tandem,
558 2468 615 2530 cui
647 2466 732 2530 nihil
760 2467 972 2548 impossibile
997 2474 1062 2543 est,
1085 2468 1213 2549 quique
1238 2468 1297 2530 ubi
1323 2467 1400 2531 vult

300 2566 420 2647 spirat,
452 2566 655 2630 mirabiliter
686 2574 864 2648 operante,
889 2565 1086 2630 carissimus
1117 2566 1140 2629 J
1144 2565 1308 2641 ohannes,
1337 2586 1401 2629 rex

302 2663 495 2746 Anglorum
526 2666 683 2741 illustris,
718 2664 907 2727 liberaliter
942 2684 985 2728 ex
1016 2683 1111 2727 mera
1140 2672 1176 2728 et
1207 2671 1399 2746 spontanea

302 2765 491 2843 voluntate,
516 2766 558 2830 de
583 2783 754 2831 consensu
777 2764 951 2829 communi
973 2765 1141 2829 baronum
1164 2782 1316 2842 suorum,
1338 2783 1401 2846 pro

303 2865 414 2930 salute
436 2867 561 2930 animae
584 2885 656 2929 suae
679 2872 714 2928 et
739 2863 1029 2946 praedecessorum
1050 2883 1188 2927 suorum
1214 2870 1249 2927 et
1267 2883 1404 2929 sueces-

302 2983 429 3042 sorum,
456 2965 554 3030 nobis
579 2964 750 3030 concessit
772 2970 808 3027 et
827 2965 899 3027 suis
925 2964 1034 3028 literis
1060 2963 1289 3041 confirmavit,
1307 2970 1345 3030 ut
1361 2964 1403 3028 de

303 3071 427 3128 caetero
448 3066 483 3128 in
512 3065 681 3131 universis
706 3072 742 3127 et
764 3063 910 3145 singulis
940 3063 1093 3127 ecclesiis
1119 3082 1160 3127 ac
1184 3064 1402 3128 monasteriis

303 3162 555 3227 cathedralibus
583 3172 619 3227 et
645 3163 933 3227 conventualibus
956 3163 1064 3226 totius
1087 3163 1184 3243 regni
1207 3161 1344 3244 Angliae
1366 3164 1403 3227 in

303 3270 503 3345 perpetuum
528 3263 645 3326 liberae
673 3263 760 3325 fiant
782 3260 966 3324 electiones
994 3281 1288 3343 quorumcumque
1315 3281 1404 3344 prae·

303 3360 463 3438 latorum,
486 3362 653 3445 majorum
684 3369 719 3424 et
743 3361 846 3424 etiam
876 3361 1055 3423 minorum.
1109 3359 1186 3424 Nos
1208 3361 1315 3439 igitur
1340 3360 1405 3426 hoo

305 3467 441 3540 gratum
487 3469 522 3524 et
560 3468 670 3524 ratum
709 3460 875 3523 hahentes
912 3459 1169 3522 concessionem
1206 3458 1402 3541 hujusmodi

304 3560 414 3636 vobis,
430 3567 465 3624 et
481 3580 543 3642 per
558 3579 621 3624 vos
642 3560 795 3624 ecclesiis
819 3567 855 3624 et
872 3558 1128 3623 successoribus
1146 3559 1284 3635 vestris,
1300 3566 1403 3640 prout

303 3658 340 3722 in
354 3659 482 3723 eisdem
497 3659 606 3722 literis
623 3660 715 3741 regis
731 3659 970 3743 perspeximus
993 3657 1172 3736 contineri,
1197 3659 1404 3722 auctoritate

305 3759 496 3839 apostolica
518 3759 760 3822 confirmamus
787 3766 822 3823 et
849 3759 1030 3841 praesentis
1061 3759 1181 3842 scripti
1211 3759 1404 3842 patrocinio

304 3859 565 3921 communimus.
582 3856 639 3921 Ad
649 3858 814 3942 majorem
824 3865 940 3923 autem
949 3859 1146 3925 firmitatem
1156 3867 1191 3924 et
1202 3867 1403 3944 perpetuam

303 3957 501 4021 memoriam
518 3956 623 4040 hujus
641 3957 691 4021 rei
706 3957 871 4039 praelatas
889 3960 982 4040 regis
995 3959 1115 4023 literas
1128 3978 1232 4041 super
1243 3959 1310 4024 hoc
1321 3979 1402 4025 con-

303 4055 412 4120 sectas
422 4057 651 4138 praesentibus
663 4057 798 4119 misceri
806 4056 962 4134 fecimus,
975 4076 1120 4139 quarum
1130 4064 1229 4120 tenor
1238 4059 1318 4121 talis
1333 4066 1401 4137 est;

304 4154 349 4217 ‘J
351 4155 504 4219 ohannes
529 4155 595 4219 Dei
622 4155 737 4239 gratia
755 4175 818 4219 rex
843 4154 995 4236 Angliae,
1020 4143 1178 4218 dominus
1200 4154 1403 4236 Hyberniae,

303 4253 376 4317 dux
414 4254 639 4319 Normanniae
672 4261 707 4319 et
735 4254 949 4337 Aquitaniae,
981 4273 1094 4318 comes
1128 4252 1403 4336 Andegavensis,

306 4353 585 4438 archiepiscopis,
605 4355 788 4438 episcopis,
805 4354 998 4430 comitibus,
1012 4355 1209 4433 baronibus,
1226 4354 1404 4433 militibus,

712 4541 823 4646 'Sprm.]
839 4581 967 4643 spiritum
980 4583 1009 4633 C.
