3384 5625
339 779 403 842 130
713 792 914 840 nucrrorvns
937 792 1072 839 varin.

343 988 412 1053 tus,
423 977 558 1041 nornine
569 975 710 1052 Vitalis,
722 994 798 1039 cum
814 974 960 1038 daturus
974 981 1065 1038 esset
1077 973 1182 1036 filiam
1198 992 1296 1036 suam
1310 974 1449 1056 nuptui,

343 1085 382 1141 ut
398 1096 551 1140 mensam
578 1083 790 1158 praepararet
812 1075 1007 1151 lautiorem,
1021 1081 1185 1138 venatum
1206 1073 1270 1136 ivit
1287 1073 1321 1135 in
1339 1093 1450 1155 quan·

344 1177 422 1239 dam
434 1176 598 1239 forestam
609 1175 841 1238 vastissimam
852 1181 887 1237 et
901 1174 1073 1237 desertam
1085 1173 1172 1235 mari
1186 1173 1449 1237 conterminam.

344 1276 391 1340 Et
407 1296 484 1338 curn
497 1295 558 1357 per
574 1275 675 1339 devia
688 1274 792 1337 eremi
809 1273 904 1336 solus
922 1280 1118 1354 vagaretur,
1131 1291 1249 1335 arcum
1267 1278 1449 1335 extentum

343 1375 503 1459 bajulans
530 1394 606 1438 cum
634 1374 784 1454 sagittis,
809 1372 998 1454 cupiditate
1021 1371 1138 1436 ferinae
1162 1370 1299 1447 ductus,
1326 1369 1450 1435 incidit

345 1474 434 1538 forte
449 1475 485 1536 in
503 1473 637 1537 foveam
660 1480 694 1537 et
709 1471 877 1554 pedicam,
893 1471 1062 1548 leonibuS,
1084 1471 1185 1550 ursis,
1208 1479 1244 1533 et
1260 1470 1351 1552 lupis
1368 1471 1452 1534 sub-

345 1573 452 1636 tiliter
469 1580 720 1656 praeparatam3
748 1591 769 1635 a
786 1590 868 1653 qua,
886 1590 963 1633 curn
975 1590 1013 1633 os
1027 1570 1186 1634 strictum
1200 1577 1291 1633 esset
1308 1571 1452 1652 etpavi-

345 1680 498 1737 mentum
517 1672 723 1753 profundum
741 1679 776 1734 et
791 1670 955 1751 amplum,
973 1669 1185 1734 nullomodo
1202 1669 1316 1750 potuit
1331 1688 1449 1733 ascen-

345 1771 426 1835 dere
438 1772 493 1836 vel
507 1773 665 1835 evadere.
698 1769 838 1834 Invenit
852 1776 968 1832 autem
982 1770 1017 1831 in
1031 1788 1085 1844 ea,
1097 1788 1175 1851 quae
1188 1766 1306 1831 eodem
1317 1786 1399 1832 casn
1414 1769 1451 1831 in

346 1871 457 1953 ipsam
475 1871 676 1945 inciderant,
695 1870 763 1932 duo
779 1868 932 1932 crudelia
950 1868 1125 1943 animalia,
1140 1868 1274 1931 leonem
1291 1874 1327 1931 et
1343 1887 1451 1931 unum

346 1990 507 2049 magnum
538 1978 754 2052 serpentem3
784 1968 843 2031 sed
868 1967 981 2049 ipsum
1010 1966 1175 2043 Vitalem,
1203 1966 1262 2048 qui
1289 1986 1326 2029 se
1350 1968 1452 2047 signo

346 2071 457 2134 crucis
481 2070 714 2153 praemunivit,
732 2086 950 2150 nequaquam
974 2067 1188 2142 invaserunt,
1208 2066 1289 2130 licet
1303 2066 1452 2130 famelici

346 2169 447 2232 nimis
465 2177 499 2233 et
520 2169 684 2252 protervi.
737 2167 942 2231 Morabatur
963 2184 1047 2247 ergo
1066 2166 1137 2230 illic
1165 2172 1240 2229 tota
1266 2165 1328 2228 illa
1350 2174 1452 2230 nocte

346 2276 382 2332 et
399 2270 454 2331 die
471 2269 641 2350 sequenti,
656 2268 809 2331 clamans
827 2274 862 2330 et
879 2266 1023 2350 ejulans,
1047 2272 1082 2329 et
1103 2274 1247 2328 mortem
1265 2284 1363 2328 snam
1381 2273 1453 2329 tam

347 2368 547 2447 probrosam
566 2366 784 2429 lamentando
800 2366 992 2449 deplorans.
1037 2364 1176 2429 Accidit
1192 2371 1306 2428 autem
1324 2374 1363 2428 ut
1379 2366 1453 2447 qui-

349 2466 427 2528 dam
443 2467 673 2549 pauperculus
695 2466 959 2529 carbonatorum
980 2464 1160 2546 sylvicola,
1184 2464 1264 2527 dum
1282 2472 1455 2546 pergeret,

347 2565 551 2648 quisquilias
566 2565 690 2629 ibidem
706 2566 878 2647 lignorum
896 2563 1100 2645 colligendo,
1119 2563 1253 2627 audiret
1268 2564 1454 2628 clamorem

347 2672 383 2728 et
399 2666 575 2748 planctum
602 2666 702 2748 quasi
726 2665 1000 2740 subterraneum,
1023 2669 1058 2726 et
1074 2682 1193 2726 vocem
1214 2670 1360 2745 sequens
1377 2684 1456 2744 per-

349 2766 444 2830 venit
469 2766 512 2830 ad
539 2786 579 2830 os
604 2765 712 2847 putei,
742 2771 777 2828 et
802 2764 1044 2847 introspiciens
1073 2763 1133 2840 ait,
1157 2762 1268 2841 ‘Quis
1292 2780 1329 2826 es
1350 2782 1454 2846 quem

347 2866 489 2929 audiol’
542 2866 588 2929 Et
611 2865 740 2928 Vitalis
767 2865 1032 2945 expergefactus
1061 2870 1095 2926 et
1116 2863 1257 2945 gavisus
1285 2882 1393 2945 supra
1418 2863 1455 2926 id

348 2965 440 3046 quod
459 2965 527 3028 dici
550 2972 666 3045 potest
682 2963 861 3044 respoudit
877 2963 1037 3026 alacriter
1050 2962 1179 3039 dicenS,
1198 2963 1298 3043 ‘Ego
1316 2963 1453 3044 quidem

350 3063 465 3140 miser,
484 3063 615 3128 Vitalis
643 3068 884 3143 cognomento,
902 3061 1073 3139 Venetus,
1098 3063 1156 3145 qui
1188 3061 1329 3143 ignarus
1357 3063 1454 3143 pedi·

349 3182 467 3226 carum
494 3171 529 3226 et
555 3162 825 3243 muscipularum
853 3161 974 3225 harum
1009 3162 1045 3224 in
1075 3160 1210 3226 fovearn
1242 3161 1344 3225 istam
1372 3161 1455 3225 feris

349 3261 481 3325 nocivis
496 3261 601 3325 incidi
620 3262 849 3337 devorandus
864 3261 924 3343 qui
940 3261 1031 3324 fame
1046 3268 1080 3325 et
1098 3261 1220 3325 timore
1236 3263 1454 3325 contabesco.

349 3361 438 3425 Sunt
466 3362 556 3425 enim
582 3361 638 3425 hic
659 3362 739 3439 duo,
765 3381 843 3444 quae
869 3362 1010 3424 nimium
1035 3361 1251 3442 pertimesco,
1279 3361 1454 3439 animalia,

348 3460 402 3522 leo
424 3462 556 3525 scilicet
572 3461 711 3543 quidam
730 3468 765 3524 et
783 3462 930 3542 angnis;
954 3460 1013 3523 sed
1030 3459 1155 3537 adhuc,
1176 3461 1326 3524 Domino
1342 3467 1456 3542 prote-

349 3569 464 3640 gente,
486 3560 586 3642 cujus
611 3563 711 3642 siguo
736 3579 790 3622 me
813 3559 1033 3634 communivi,
1060 3579 1112 3622 me
1138 3580 1206 3623 non
1229 3560 1454 3638 invaserunt3

349 3659 411 3722 tibi
434 3668 631 3723 reservatus
655 3679 744 3730 snm,
768 3666 807 3720 ut
838 3658 901 3721 tibi
927 3659 1149 3721 benefaciam.
1203 3659 1296 3723 Erue
1323 3680 1389 3736 me,
1419 3668 1455 3723 et

349 3758 435 3820 bene
452 3758 515 3820 tibi
532 3759 618 3836 erit3
642 3777 721 3821 ecce
738 3757 800 3820 tibi
813 3757 991 3819 dimidium
1015 3759 1182 3821 bonorum
1201 3777 1354 3821 meorum
1372 3779 1454 3822 con-

348 3856 445 3933 cedo,
463 3857 622 3920 videlicet
642 3857 832 3937 quingenta
848 3857 980 3919 talenta
994 3877 1002 3935 3
1027 3865 1109 3921 sunt
1125 3859 1217 3921 enim
1238 3858 1322 3921 mihi
1337 3859 1456 3923 mille.'

349 3952 400 4018 At
429 3975 583 4038 pauper3
614 3956 677 4018 ‘Si
710 3956 811 4020 dictis
841 3956 936 4019 facta
963 3976 1174 4039 compenses
1207 3957 1332 4021 faciam
1362 3957 1455 4039 quod

349 4055 524 4119 desideras
551 4064 586 4120 et
615 4054 787 4119 hortaris!
839 4053 890 4118 At
907 4055 1036 4119 Vitalis
1067 4057 1160 4121 dicta
1187 4077 1251 4120 sua
1277 4056 1394 4120 multis
1420 4064 1457 4120 et

349 4156 484 4236 magnis
511 4155 727 4238 juramentis
754 4154 906 4218 Domino
932 4157 1137 4237 interposito
1164 4174 1227 4236 pro
1253 4155 1455 4238 fidejussore

348 4260 382 4317 et
400 4255 466 4318 fide
483 4255 608 4330 media,
625 4254 854 4317 confirmavit.
908 4255 963 4329 Et,
990 4274 1067 4317 curn
1088 4253 1375 4335 colloquerentur,
1401 4255 1456 4319 leo

347 4361 442 4415 motu
461 4353 579 4415 candae
597 4353 757 4434 saltuque
776 4353 944 4434 jucundo,
963 4361 997 4417 et
1015 4353 1170 4416 similiter
1186 4354 1308 4434 anguis
1327 4354 1455 4418 blando

347 4452 449 4513 sibilo
477 4459 511 4513 et
534 4452 641 4514 totins
666 4453 820 4533 corporis
844 4452 1074 4528 volubilitate,
1097 4452 1205 4515 eidem
1230 4455 1374 4534 pauperi
1393 4474 1455 4536 ap-

348 4550 561 4631 plauserunt,
585 4551 685 4632 quasi
707 4551 946 4614 liberationem
971 4572 1068 4615 suarn
1097 4571 1173 4613 cum
1191 4551 1310 4614 Vitale
1333 4563 1455 4634 postu·
