3384 5625
295 774 359 837 190
667 790 869 837 uuumouus
893 788 1026 837 velum.

346 972 389 1035 de
412 989 482 1053 qua
508 970 593 1035 dicit
620 978 762 1036 sanctus
792 972 944 1054 quidam,
972 971 1061 1035 ‘Ira
1090 978 1144 1035 est
1167 970 1274 1035 libido
1298 971 1404 1037 ulcis-

346 1067 486 1155 cendi’),
514 1071 735 1154 cupiensque,
767 1071 952 1136 dummodo
990 1070 1097 1150 ultus,
1132 1091 1210 1135 cum
1246 1070 1402 1136 confusis

346 1169 521 1234 confundi.

296 1311 370 1449 llll),
388 1310 440 1447 mia
457 1372 574 1436 nuntiis
686 1363 787 1437 ‘addit
802 1373 926 1450 Paria,
949 1374 1127 1437 immemor
1149 1381 1218 1437 tam
1237 1372 1402 1455 profundi

712 1473 941 1558 jurisjurandi
960 1473 1071 1537 adhuc
1088 1472 1247 1537 recentis.

295 1637 344 1648 -
390 1599 444 1670 15,
460 1594 569 1660 literas
695 1598 814 1663 literas
827 1617 909 1662 suas
927 1598 971 1661 ad
987 1598 1152 1682 majorem
1167 1597 1222 1660 sui
1239 1604 1274 1662 et
1291 1598 1399 1662 totius

717 1699 815 1779 regni
832 1698 1019 1781 perniciem
1037 1705 1072 1761 et
1090 1697 1337 1761 confusionem.

295 1859 344 1870 -
389 1816 441 1894 27,
458 1818 584 1905 colliula
598 1866 603 1879 .
617 1865 645 1882 ..
696 1821 856 1904 collegia,
886 1822 922 1886 in
953 1822 1244 1904 contemplatione
1280 1820 1399 1904 prodi-

459 1918 578 1982 iaultus
717 1922 820 1986 tionis
838 1921 1028 1987 solitariam
1045 1923 1171 2003 agebat
1187 1921 1307 1985 vitam.

295 2043 369 2111 321,
409 2044 440 2116 3,
448 2043 564 2125 suisset
580 2043 626 2106 iu·
695 2044 918 2108 inveniretur.

459 2149 563 2205 vatus

294 2298 345 2310 --
412 2268 442 2340 5,
457 2262 645 2328 subtractae
696 2282 822 2344 perse
853 2264 908 2328 vel
939 2262 1136 2345 paralium
1169 2270 1395 2346 peremptum.

463 2409 472 2425 .
490 2410 498 2425 .
517 2410 524 2425 .
540 2364 646 2428 auimo
718 2362 797 2425 Rex
815 2369 931 2427 autem
946 2362 1150 2427 haecomnia
1164 2362 1344 2428 conferens
1360 2364 1396 2427 in

716 2461 819 2525 corde
836 2481 900 2525 suo
915 2462 1032 2527 tacite.

297 2628 347 2637 -
412 2588 445 2661 8,
462 2583 633 2650 subsidialis
695 2584 892 2668 praesidium
908 2586 1107 2663 destinavit,
1121 2584 1299 2649 hostilium
1316 2586 1398 2649 ami·

461 2732 491 2751 ..
510 2686 645 2751 ‚deside
716 2703 833 2748 corum
852 2692 888 2749 et
902 2684 1132 2750 amicabilium
1147 2684 1308 2749 hostium.

459 2794 564 2851 ratum

294 2943 346 2953 —
391 2909 646 2985 l3‚toraeameati
695 2906 930 2970 hastiludium.

461 3005 570 3070 ludum

295 3164 346 3174 -
391 3131 445 3206 14,
462 3128 558 3194 nobili
696 3123 802 3186 nobili
819 3131 854 3187 et
870 3127 1061 3208 peremnia
1077 3125 1253 3192 laudabili.

296 3287 346 3296 -
390 3253 444 3327 18,
469 3251 620 3316 Willelme
695 3246 864 3311 Walters.

293 3416 345 3427 —
389 3377 443 3451 34,
454 3376 646 3441 totalitatem
695 3370 858 3436 civitatis,

460 3475 598 3541 civitatis

295 3598 369 3674 322,
407 3599 437 3676 6,
461 3597 565 3663 Veleia
695 3595 787 3659 addit
798 3594 925 3671 Paris„
943 3593 1088 3657 Talibus
1105 3593 1238 3658 frivolis
1255 3600 1291 3658 et
1307 3595 1396 3659 otio·

716 3694 765 3756 sis
788 3694 924 3757 actibus
952 3692 1179 3768 indulserunt,
1205 3693 1397 3759 nescientes

716 3791 859 3874 laqueos
876 3790 1040 3857 subdolos
1057 3793 1124 3858 sibi
1139 3794 1340 3876 praeparari.

293 3957 343 3966 -
389 3916 442 3990 13,
456 3914 644 3999 uolimteffiu-
695 3915 805 3980 vitare
823 3915 1002 3980 voluerint.

456 4036 526 4099 uere

293 4178 344 4189 -
388 4139 440 4215 22,
457 4139 538 4204 uuil‘
693 4157 774 4201 nou.

293 4263 436 4339 323,12,
455 4265 610 4348 respoudit
692 4259 881 4342 respondit,
904 4260 1000 4340 rugis
1025 4258 1212 4323 contractis
1235 4259 1395 4341 indigna·

713 4361 841 4424 tionem
859 4359 1079 4423 testantibus.

292 4477 369 4558 327,
387 4482 438 4559 21,
455 4481 552 4546 Nulli
573 4504 642 4568 eruo
691 4482 806 4546 desunt.

461 4589 641 4645 ..libatura
