3384 5625
296 789 362 853 232
652 803 868 852 ,nncmonns
891 801 1024 851 vnmn.

297 930 354 1068 3⁵6⁰,
389 928 445 1065 gl,
455 989 635 1074 demetriae
694 990 945 1054 architectoria.

298 1118 352 1191 98,
391 1116 444 1189 19,
459 1112 618 1197 definitum
693 1114 786 1178 addit
816 1114 943 1189 Paris,
968 1111 1069 1175 Tunc
1101 1110 1227 1175 claruit
1255 1108 1404 1175 inflictio

718 1212 881 1277 vindictae
905 1211 939 1275 S.
956 1210 1079 1290 Pauli3
1106 1210 1288 1275 Falcasius
1312 1211 1405 1274 enim

716 1312 872 1395 proditor
886 1319 1048 1374 cruentus
1060 1309 1240 1373 ecclesiam
1252 1308 1402 1374 S.Pauli

717 1409 981 1475 Bedeiordensis
994 1410 1147 1472 diruerat
1164 1408 1207 1472 ad
1223 1409 1278 1473 sui
1293 1409 1400 1473 castri

717 1517 926 1575 structuram
945 1517 979 1573 et
997 1509 1178 1585 munimen,
1196 1508 1256 1589 qui
1268 1508 1346 1592 Jam
1364 1509 1401 1571 in

719 1610 811 1674 beati
828 1609 931 1671 Pauli
948 1607 1106 1673 custodia
1116 1607 1216 1690 quasi
1234 1607 1402 1671 carcerali

723 1710 917 1773 tenebatur.
952 1707 1051 1772 Unde
1067 1707 1242 1771 abbatissa
1258 1705 1301 1770 dc
1317 1706 1405 1769 Hel·

722 1816 856 1885 nestne,
890 1806 1032 1871 audiens
1064 1806 1260 1869 Falcasium
1292 1806 1329 1869 in
1358 1806 1403 1871 B.

722 1908 871 1971 Paulum
885 1906 1095 1983 desaeviisse,
1109 1906 1169 1969 sed
1190 1905 1270 1968 inde
1288 1905 1401 1968 adhuc

722 2008 927 2088 impunitum
953 2005 1071 2081 luisse,
1099 2003 1224 2068 auferri
1250 2004 1356 2088 jussit
1381 2023 1403 2067 a

721 2126 825 2170 manu
858 2106 1016 2187 imaginis
1047 2104 1083 2169 S.
1112 2102 1215 2166 Pauli
1246 2103 1400 2185 gladium

723 2226 824 2288 quem
856 2206 1007 2281 tenebat,
1039 2211 1073 2267 et
1102 2210 1181 2286 post
1214 2202 1401 2266 vindictam

724 2307 846 2370 merito
862 2301 1218 2368 restitui—Omitted
1235 2302 1270 2364 in
1291 2302 1325 2365 0.

302 2471 352 2481 -
399 2431 449 2504 25,
467 2429 613 2492 Fclccsii
698 2427 790 2491 addit
816 2428 939 2503 Paris,
971 2427 1174 2507 Margareta
1200 2423 1332 2488 scilicet
1359 2425 1402 2488 de

724 2527 889 2609 Ripariis
1178 2522 1181 2528 ’

302 2653 356 2727 99,
420 2655 448 2728 5,
461 2653 530 2715 duce
542 2673 653 2714 rnorcae
701 2651 769 2715 duo
787 2652 900 2715 solidi.

303 2811 354 2822 -
400 2778 453 2852 11,
470 2777 621 2841 universis
702 2774 794 2839 addit
807 2775 933 2851 Paris,
952 2774 1081 2839 Eodem
1097 2792 1187 2838 anno
1200 2792 1405 2839 consecran-

725 2881 782 2937 tur
795 2877 829 2937 in
853 2875 1045 2955 episcopos,
1069 2872 1403 2953 magisterAlexan·

725 2972 786 3034 der
815 2973 857 3034 de
887 2973 1082 3054 Stavensby
1109 2972 1145 3034 in
1175 2971 1405 3050 Cestrensem,

728 3070 850 3133 Romae
867 3088 888 3133 a
910 3071 1047 3135 domino
1066 3090 1157 3153 papa
1177 3071 1336 3135 Honorio
1352 3072 1406 3135 dic

726 3169 884 3246 Paschae,
903 3170 1097 3234 Willelmns
1118 3189 1225 3251 nepos
1239 3170 1406 3234 Willelmi

727 3269 858 3331 Bruere
874 3270 1018 3332 senioris
1032 3270 1064 3331 in
1078 3270 1322 3347 Exoniensem,
1335 3269 1406 3334 Ra-

725 3367 875 3449 dnlpbus
900 3368 943 3431 de
975 3367 1112 3432 Neville
1142 3368 1177 3430 in
1208 3367 1403 3433 cicestren·

726 3486 811 3542 sem,
852 3486 873 3529 a
912 3467 1050 3530 domino
1090 3466 1126 3530 S.
1160 3466 1405 3532 Cantuariensi

726 3566 998 3649 archiepiscop03
1024 3566 1095 3647 qui,
1108 3565 1185 3629 dico
1197 3566 1406 3649 Radulpbus

727 3663 966 3739 cicestrensis,
1010 3664 1235 3728 cancellarius
1276 3665 1407 3730 domini

726 3762 830 3841 regiS,
862 3763 897 3823 in
928 3763 1045 3826 multis
1087 3772 1208 3846 postea
1245 3765 1406 3847 periculis

727 3859 838 3922 fidelis
861 3869 1025 3941 expertus
1045 3869 1080 3926 et
1096 3862 1280 3944 singularis
1297 3864 1333 3925 in
1355 3883 1408 3926 re-

727 3959 793 4039 giis
815 3959 975 4040 negotiis,
993 3962 1152 4024 columna
1171 3962 1306 4025 stabilis
1326 3962 1408 4025 fide-

726 4059 835 4121 litatis
855 4067 889 4122 et
912 4061 1066 4124 veritatis
1089 4060 1166 4124 fuit.
1218 4059 1289 4124 Sub
1314 4061 1408 4124 illins

726 4159 890 4239 temporis
930 4160 1100 4222 curriculo
1143 4160 1322 4223 Falcasius
1365 4160 1408 4225 de

727 4256 867 4333 Brente,
898 4256 1167 4333 NeusteriensiS‚
1201 4267 1236 4322 et
1267 4260 1406 4340 spurius

727 4374 769 4416 ex
783 4364 881 4436 parte
893 4359 1013 4420 matris
1025 4365 1130 4439 atque
1141 4356 1336 4429 bastardus,
1348 4359 1408 4440 qui

727 4453 762 4515 in
779 4456 839 4517 vili
855 4455 1014 4538 jumento
1036 4457 1225 4521 manticato
1247 4455 1291 4518 ad
1314 4459 1407 4538 regis

726 4554 830 4632 paulo
851 4562 931 4617 ante
956 4555 1148 4619 clientelam
1171 4556 1408 4634 descenderat,
