3384 5625
345 771 411 836 258
712 788 911 835 uncrionrs
940 787 1073 835 vunnu.

357 912 414 948 PAO.
436 911 489 947 ult.

348 976 423 1051 184,
442 975 493 1050 12,
510 973 590 1058 repis
745 972 837 1037 addit
856 973 982 1051 Paris,
1005 972 1138 1038 scilicet
1158 975 1325 1056 magister
1340 973 1452 1039 Alex·

768 1072 876 1136 ander
918 1073 961 1136 de
1003 1072 1224 1150 Stavenesse,
1265 1074 1453 1156 episcopus

769 1170 975 1246 Cestrensis,
988 1179 1023 1236 et
1034 1173 1201 1254 magister
1216 1172 1392 1236 Henricus
1409 1173 1452 1237 de

769 1270 945 1349 stanford,
965 1271 1138 1346 Roffensis
1155 1272 1347 1353 episcopus.

349 1396 422 1470 186,
462 1396 490 1471 6,
507 1398 572 1482 rapi
744 1393 834 1457 dact.

261 1580 264 1586 .
349 1517 422 1596 187,
460 1523 491 1598 8,
507 1524 682 1606 confortant
745 1515 932 1581 delectant.

347 1645 422 1719 188,
440 1645 492 1721 23,
509 1653 537 1707 ot
552 1655 659 1709 cetero
749 1642 785 1705 0.
807 1643 946 1718 inserts,
969 1640 1091 1706 ‘Nota
1112 1649 1228 1706 autem
1254 1643 1346 1724 quod
1370 1663 1451 1726 pro-

768 1742 970 1804 curantibus
992 1741 1159 1821 magistro
1182 1740 1385 1806 Alexandro
1407 1743 1450 1807 de

768 1838 986 1914 Staveneshi‚
1009 1839 1197 1917 cestrensi,
1220 1849 1257 1904 et
1279 1841 1448 1922 magistro

656 1927 661 1940 ’
771 1938 821 2002 Η.
839 1938 882 2003 de
897 1938 1057 2013 Sanford,
1074 1938 1242 2015 Roffensi‚
1262 1939 1446 2022 episcopis,

770 2044 805 2101 et
833 2037 1040 2119 quibusdam
1071 2037 1161 2113 aliis,
1189 2057 1334 2119 quorum
1361 2058 1448 2120 pree-

770 2137 893 2217 cipuus
912 2143 948 2199 et
970 2136 1171 2218 principalis
1196 2136 1262 2200 suit
1283 2137 1451 2218 magister

770 2233 951 2298 Johannes
986 2235 1029 2298 de
1061 2234 1248 2310 Haetotoft‚
1278 2236 1449 2300 archidia-

769 2351 877 2396 conus
895 2333 1171 2410 Bedefordensis,
1193 2342 1380 2415 procurata
1394 2343 1449 2400 est

768 2430 938 2512 depositio
950 2433 1107 2512 magistri
1117 2432 1278 2508 walteri,
1289 2434 1449 2497 monachi

769 2527 1042 2607 CantuariensiS,
1064 2551 1163 2595 secus
1186 2550 1290 2613 quam
1311 2532 1449 2597 deceret

768 2635 829 2692 aut
843 2629 1023 2693 animabus
1033 2649 1149 2694 eorum
1164 2630 1352 2712 expediret.
1379 2631 1448 2696 Sed

766 2727 841 2791 haec
874 2729 960 2792 satis
995 2729 1129 2811 prolixe
1159 2729 1195 2792 in
1226 2730 1448 2813 antescriptis

767 2827 1011 2891 declarantur!

347 2956 422 3030 192,
461 2958 492 3030 4,
511 2953 646 3036 sydonis
745 2950 908 3032 Sydonis,
923 2951 959 3014 id
977 2958 1031 3015 est
1046 2951 1161 3016 Saete.

346 3078 419 3152 193,
439 3079 491 3152 13,
500 3076 597 3160 port
744 3075 862 3154 patris.

343 3232 395 3244 -
439 3199 494 3273 24,
501 3217 565 3281 pro
580 3204 645 3258 coto
742 3196 862 3261 dommi.

346 3322 422 3397 194,
460 3324 489 3397 3,
511 3320 696 3384 Notandum
744 3319 858 3383 These
882 3329 952 3385 two
976 3320 1136 3402 chapters
1157 3341 1215 3386 are
1236 3324 1392 3404 wanting
1410 3323 1446 3386 in

512 3429 695 3484 ...norwa-
767 3417 888 3495 Paris;
917 3419 1052 3483 instead
1073 3420 1114 3484 of
1132 3421 1240 3484 which
1265 3422 1296 3485 is
1322 3423 1445 3487 insert-

508 3519 558 3583 dit
573 3520 617 3583 eis
767 3517 809 3582 ed
826 3537 848 3581 a
867 3518 1086 3601 description,
1106 3521 1311 3603 apparently
1328 3520 1370 3585 of
1387 3521 1446 3585 the

766 3624 866 3696 great
877 3617 948 3681 seal
961 3618 1121 3681 attached
1133 3626 1170 3682 to
1185 3619 1243 3683 the
1259 3621 1445 3701 emperor’s

766 3715 852 3790 bull,
868 3734 906 3778 as
920 3715 1072 3795 follows;
1096 3717 1242 3781 ‘Forma
1259 3718 1363 3782 bullae
1380 3719 1445 3780 im·

765 3814 936 3893 peratoris
953 3832 1067 3878 aureae
1085 3823 1160 3879 erat
1177 3817 1257 3879 talis
1271 3837 1279 3896 ;
1303 3816 1360 3879 Ex
1375 3835 1445 3879 una

765 3918 864 3992 parte
882 3919 957 3975 erat
971 3913 1087 3994 imago
1104 3916 1212 3995 regia,
1227 3922 1262 3978 et
1279 3916 1444 3996 scriptum

764 4010 801 4071 in
818 4011 976 4088 circuitu,
991 4013 1229 4089 ‘Fredericus,
1247 4014 1315 4077 Dei
1330 4015 1445 4095 gratia

766 4108 1002 4174 Romanorum
1030 4112 1217 4193 imperator
1245 4120 1280 4177 et
1310 4132 1446 4194 semper

764 4206 971 4289 Augustus?
1023 4210 1078 4272 Ex
1095 4230 1165 4274 una
1182 4220 1281 4293 parte
1298 4231 1380 4276 vero
1394 4231 1445 4275 re

764 4307 855 4386 galis
877 4308 1050 4389 imaginis
1080 4310 1212 4375 scilicet
1234 4330 1338 4393 super
1358 4310 1444 4374 dex·

764 4412 853 4467 trum
871 4407 1060 4485 humerum,
1078 4410 1242 4492 scriptum
1262 4417 1326 4486 est,
1339 4415 1348 4443 ‘
1363 4409 1444 4474 Rex

763 4501 959 4569 Jerusalem
973 4508 994 4587 ;’
1017 4508 1147 4571 exalia
1167 4517 1267 4591 parte
1287 4509 1442 4592 ejusdem
