3384 5625
671 781 871 832 memorans
894 782 1028 831 VARlAE.

303 912 359 948 PAO.
384 912 435 948 ult.

292 977 366 1051 154,
384 977 436 1049 10,
454 972 611 1040 Minium
690 971 911 1053 populorum.

457 1074 616 1158 utriunque

359 1224 363 1232 .
454 1193 542 1237 rmus

291 1336 342 1347 -
386 1295 438 1370 14,
457 1292 573 1369 ‘Haea’
587 1293 640 1357 in·
691 1288 826 1367 Quibus
843 1291 914 1369 ille,
929 1288 1052 1356 ‘Haec

456 1393 525 1477 quit

291 1559 341 1569 -
385 1517 438 1593 26,
455 1517 597 1581 amiota
690 1520 803 1584 carnis
818 1521 986 1598 cruciatu,
1003 1540 1158 1605 corpore.

456 1638 549 1681 mirre

291 1783 342 1794 -
385 1743 437 1818 33,
455 1738 604 1805 celebrari
691 1742 785 1808 addit
808 1741 936 1817 Paris,

755 1857 907 1937 Quomodo
917 1878 1009 1941 popu
1025 1856 1163 1942 rapulam
1179 1858 1335 1921 Fratrmn

856 1957 1018 2021 Minornm
1036 1956 1228 2021 limitooeril.

751 2068 922 2136 Dominus
939 2079 1054 2135 antem
1071 2089 1164 2153 papa
1177 2072 1299 2135 videns
1315 2092 1394 2156 pro-

714 2172 866 2255 positum
883 2177 917 2235 et
934 2190 1021 2254 opus
1037 2170 1198 2234 Fratrum
1217 2171 1392 2235 Minorum

714 2272 923 2353 prosperari,
939 2290 1072 2335 necnon
1087 2290 1205 2334 eorum
1216 2290 1394 2335 numerum

715 2371 836 2434 diatim
863 2369 1098 2452 multiplicari,
1125 2370 1314 2434 secundum
1342 2370 1396 2433 in-

716 2470 884 2534 dustriam
905 2471 1017 2534 sancti
1033 2469 1248 2543 Gamalielis,
1267 2470 1396 2534 intelli·

717 2589 802 2651 gens
816 2569 908 2652 quod
927 2569 1078 2632 Domino
1096 2569 1299 2650 disponente
1311 2569 1396 2632 felix

716 2668 907 2750 susciperet
929 2670 1188 2744 incrementum,
1214 2686 1397 2731 conversa·

717 2767 844 2832 tionem
859 2776 894 2833 ct
907 2767 1062 2849 regulam
1076 2785 1194 2830 eorum
1210 2766 1313 2830 certis
1330 2774 1397 2831 ter·

718 2868 832 2945 minis,
854 2887 897 2931 ne
921 2866 1108 2950 aliquando
1127 2867 1205 2930 aliis
1226 2867 1399 2948 religiosis

719 2976 835 3032 essent
847 2967 884 3031 in
906 2968 1219 3051 supplantationem
1243 2974 1279 3031 et
1292 2986 1400 3030 nocn-·

718 3075 883 3144 mentum,
899 3067 1082 3144 limitavit3
1110 3067 1280 3142 videlicet,
1304 3067 1396 3148 quod

718 3167 879 3230 civitates
909 3173 944 3229 et
974 3166 1130 3243 castella,
1159 3167 1194 3229 in
1220 3186 1397 3248 praepara·

719 3267 846 3329 tionem
864 3265 1036 3345 evangelii
1052 3266 1209 3342 accincti,
1227 3265 1270 3328 ad
1292 3265 1399 3329 insor-

720 3365 904 3428 mationem
936 3383 1067 3426 morum
1098 3363 1292 3437 circuirent,
1320 3364 1401 3445 plus

717 3471 838 3544 gestus
854 3463 1053 3526 maturitate
1069 3469 1103 3525 et
1112 3462 1250 3526 habitus
1266 3463 1399 3526 vilitate

718 3562 893 3638 docentes,
911 3581 1013 3644 quam
1038 3561 1109 3624 aori
1124 3563 1305 3624 verborum
1324 3580 1396 3625 cor-

719 3663 877 3744 reptione
888 3660 942 3726 vol
958 3660 1211 3742 increpatione3
1239 3680 1307 3723 non
1320 3680 1403 3724 con-

720 3761 904 3824 temnendo
920 3760 1150 3837 comedentes,
1164 3779 1226 3824 nec
1237 3760 1400 3825 mollibus

720 3861 868 3924 vestitos
893 3858 1124 3942 aspernando,
1140 3878 1217 3923 cum
1237 3859 1304 3923 soli
1322 3859 1399 3924 Deo

720 3957 825 4022 corda
840 3965 983 4040 pateant
1000 3959 1250 4034 universorum,
1266 3965 1301 4021 et
1317 3978 1404 4040 pau-

720 4062 891 4136 pertatem
909 4055 1137 4131 manifestam,
1150 4074 1253 4136 quarn
1272 4055 1403 4135 profes·
1490 4046 1493 4051 ¹

722 4154 753 4217 si
777 4159 870 4230 sunt,
896 4152 1072 4217 evidenter
1099 4160 1402 4235 prosequerentur,

723 4252 841 4316 Nimia
854 4251 943 4314 enim
960 4251 1149 4328 humilitaS,
1161 4251 1197 4313 in
1208 4252 1313 4315 verba
1325 4272 1401 4334 pro-

721 4370 883 4432 rumpens
910 4350 1116 4433 ampullosa,
1139 4349 1302 4414 iudicium
1323 4351 1402 4415 lati·

721 4449 828 4512 tantis
870 4455 924 4512 est
964 4449 1135 4532 superbiae
1169 4451 1399 4514 manifestum.

723 4547 799 4611 Nec
810 4549 915 4612 etiam
930 4549 1079 4631 aliquem
1093 4549 1312 4632 praedicando
1329 4557 1401 4612 tan-

1227 4666 1250 4710 a
