3384 5625
668 791 868 840 nebulones
892 792 1026 840 VARIAE.

308 913 364 951 rao.
388 913 439 949 uu.
518 889 523 897 ¹

296 977 373 1051 333,
390 977 442 1052 22,
459 975 648 1060 maiorm
693 976 812 1041 damu.

295 1140 346 1151 -
390 1100 442 1175 30,
460 1099 570 1182 optime
581 1119 646 1161 mu
694 1101 880 1183 epicoeuice
897 1103 1107 1185 prandentes
1123 1109 1159 1167 et
1172 1104 1340 1168 bibentes.

462 1198 556 1261 ciunt

296 1363 347 1373 -
392 1322 446 1395 31,
462 1320 578 1404 optima
592 1370 599 1383 .
614 1369 622 1383 .
638 1370 645 1383 .
694 1319 932 1385 voluntatibus
948 1322 1178 1406 indulgentes.

460 1429 623 1483 exercentes

297 1546 373 1619 334,
413 1546 445 1619 2,
461 1543 619 1606 redierant
692 1537 786 1602 addit
809 1539 936 1617 Paris,
953 1550 994 1604 nt
1009 1542 1109 1624 quasi
1130 1563 1206 1605 mus
1234 1562 1256 1607 a
1281 1553 1396 1609 monte

716 1639 932 1720 parturiente
949 1643 1166 1705 nascebatur.

294 1805 346 1815 -
412 1764 648 1839 4,eondceereol
695 1762 847 1844 nudique
863 1772 1128 1845 congregarent.

295 1929 346 1939 -
413 1888 445 1964 6,
452 1888 635 1971 fundamur
694 1884 879 1949 fundarum
895 1887 1158 1969 flagellantium,
1179 1889 1269 1953 iuter
1291 1891 1397 1972 sagit-

464 1987 596 2050 ..telo
717 1986 885 2048 tariornm
903 1994 948 2050 et.

296 2150 347 2160 —
412 2110 648 2184 9,cdooeom..
695 2115 849 2171 recentes
863 2109 1088 2190 insurgebant
1104 2110 1148 2174 ad
1170 2112 1319 2176 insultus
1344 2132 1398 2177 re·

462 2210 633 2272 locantem
717 2216 863 2271 novatos
881 2217 919 2271 ut
934 2209 1035 2273 inter.

296 2374 347 2383 -
393 2334 445 2407 14,
462 2332 630 2396 credelite-
695 2329 880 2410 ignobilem
919 2333 1011 2413 regis
1054 2333 1283 2415 tyrannidem,
1320 2354 1397 2417 quae

460 2440 519 2494 tem
535 2433 614 2515 rests
717 2447 787 2492 uon
801 2430 899 2494 novit
916 2450 1057 2512 parcere
1072 2434 1256 2513 superatis.

297 2597 348 2606 -
393 2557 446 2630 15,
463 2554 614 2619 oocmnho-
694 2553 948 2628 occumberent,
967 2553 1070 2616 immo
1093 2562 1270 2618 cruentam
1295 2556 1337 2618 de
1359 2576 1397 2619 se

378 2676 382 2684 ·
462 2664 532 2717 rme
716 2650 896 2712 victoriam
905 2651 1150 2733 relinquerent,
1160 2654 1304 2729 animos,
1315 2672 1398 2734 qua·

716 2748 746 2811 si
763 2748 879 2812 leones
897 2749 984 2825 laesi,
1004 2749 1233 2816 ferocissimos
1251 2753 1355 2816 nacti.

296 2913 347 2922 -
392 2879 443 2952 19,
458 2877 631 2941 momaliter
694 2875 865 2940 alacriter.

296 3040 347 3050 -
392 3001 444 3075 20,
463 3021 568 3063 arcere
583 3004 636 3063 cc
694 2999 854 3064 alacriter
871 3001 1081 3084 repulerunt.

464 3097 576 3162 eadunt

297 3261 347 3272 -
392 3221 445 3295 36,
461 3206 647 3286 deaceae
695 3219 862 3284 audacter
876 3221 1002 3302 coegit.

454 3320 607 3404 prement

296 3444 372 3516 335,
391 3438 441 3519 17,
456 3443 526 3508 illos
695 3441 774 3504 illos
814 3441 890 3504 sine
929 3443 1172 3506 misericordiae
1201 3444 1397 3509 considera·

717 3540 822 3603 tione.

295 3663 371 3739 336,
389 3665 440 3741 12,
456 3665 618 3746 {rincum
694 3662 788 3726 addit
805 3662 932 3739 Paris„
947 3662 1028 3726 Una
1050 3661 1282 3726 dierum-dum
1305 3664 1397 3727 obsi-

716 3761 773 3826 dio
791 3761 897 3826 castri
918 3761 1091 3826 Roffensis
1109 3760 1261 3840 duraret,
1281 3782 1343 3826 rex
1361 3773 1396 3827 et

717 3860 903 3925 Savaricus
921 3860 1148 3926 circumibant
1170 3868 1335 3939 castrum,
1357 3871 1397 3926 ut

716 3960 904 4022 infirmiora
919 3959 995 4042 ejus
1010 3958 1282 4039 considerarent;
1309 3981 1396 4043 quos

716 4076 794 4119 cum
826 4059 1047 4136 cognovisset
1077 4056 1217 4136 quidam
1247 4059 1397 4139 optimus

716 4153 999 4217 arcubalistarius
1013 4153 1179 4217 Willelmi
1197 4155 1240 4217 de
1255 4152 1395 4219 Albine

716 4258 766 4324 to,
782 4253 831 4315 ait
845 4251 908 4326 illi,
919 4258 927 4285 ‘
938 4251 1082 4315 Placeat
1098 4252 1318 4330 tibi‚dominc
1336 4255 1394 4332 mi,

715 4359 755 4414 ut
773 4348 925 4414 occidam
951 4371 1065 4433 regem
1085 4350 1218 4416 hostem
1240 4360 1396 4417 nostrum

715 4449 989 4515 cruentissimum
1022 4450 1156 4536 spiculo
1194 4450 1270 4529 boc,
1303 4454 1396 4534 quod

715 4547 824 4613 babeo
840 4558 1035 4634 promptum
1047 4552 1074 4615 l'
1114 4549 1180 4615 Cui
1198 4551 1395 4629 ille,‘Nou,

1222 4667 1244 4711 o
