3384 5625
341 725 385 804 76
419 721 425 728 ’
713 755 913 803 uucmouns
936 755 1069 803 vania.

352 880 410 915 PAO.
433 879 485 915 HN·

345 938 420 1017 327,
437 943 489 1016 31,
506 948 596 1025 queat
614 988 621 1002 .
638 988 645 1002 .
661 988 692 1002 ..
742 948 905 1025 nequeat,
920 942 964 1005 ad
982 948 1017 1005 te
1034 939 1210 1022 appellare
1225 945 1344 1023 queat.

509 1048 665 1124 aoyuoscut

345 1163 421 1237 329,
460 1161 663 1238 33313116
744 1162 774 1224 si
790 1160 905 1244 hujus
928 1113 941 1238 ,Ι

342 1325 394 1337 -
459 1287 490 1359 8,
509 1282 682 1367 3113133333
743 1284 833 1364 quod
851 1282 960 1366 pluris
977 1290 1039 1347 est.

343 1444 396 1454 —
439 1405 492 1485 17,
502 1428 611 1492 praua
744 1426 862 1471 curva.

344 1569 395 1579 -·
439 1534 490 1607 19,
500 1530 624 1615 sudam
745 1530 942 1595 secundam.

344 1691 395 1701 -
438 1656 492 1728 20,
510 1675 548 1716 aa
564 1652 658 1716 eitius
745 1656 796 1719 ita
811 1663 862 1719 ut.

347 1814 397 1825 —
442 1779 494 1854 29,
512 1775 695 1859 neemiam..
746 1778 892 1859 accepit·
909 1784 945 1841 et
971 1776 1067 1860 pacis
1099 1777 1293 1842 statuendae
1318 1778 1446 1859 passim

491 1875 643 1960 populum
768 1896 829 1959 per
847 1877 1064 1941 Britanniam
1089 1876 1263 1941 studiosus
1284 1876 1447 1954 1611,αηί-

768 1995 825 2039 mo
842 1976 925 2039 cleri
940 1984 1041 2040 terrae
1061 1977 1154 2040 illius
1175 1977 1241 2041 sibi
1263 1977 1448 2040 conciliato

769 2081 804 2138 et
817 2075 948 2157 populi.

347 2197 648 2276 330,16,uidauus
746 2198 892 2263 videtur.

345 2359 396 2368 -
441 2324 495 2406 26,
512 2320 634 2384 domino
747 2321 1017 2404 archiepiscopo.

347 2483 398 2495 -
442 2443 494 2523 27,
516 2445 667 2525 Quoniam
746 2444 834 2510 deest.

349 2571 423 2647 331,
463 2569 545 2648 l,si
576 2568 699 2633 tibiae
747 2570 807 2634 sed
821 2571 852 2634 si
869 2570 965 2635 tibia·
1096 2576 1099 2580 '

514 2669 576 2733 tuis

345 2830 396 2840 —
440 2795 492 2870 33,
503 2793 675 2877 perniciem
747 2792 971 2876 provinciam.

350 2920 424 2994 332,
462 2920 496 2991 4,
513 2918 605 2998 officii
622 2966 629 2980 .
647 2964 696 2981 ...
747 2917 872 2996 officio,
889 2886 1036 2995 ratione,
1053 2924 1089 2981 et
1099 2917 1193 3001 jure.

505 3036 593 3099 jures

347 3175 399 3186 -
443 3140 497 3216 16,
509 3139 658 3203 sententia
671 3187 698 3204 ..
747 3137 953 3202 sententiam
971 3137 1007 3201 iu
1021 3137 1133 3220 ipsum
1151 3135 1259 3200 latam
1275 3143 1320 3200 et.

514 3237 701 3329 latafwisset

348 3363 424 3437 333,
462 3363 493 3437 8,
508 3362 641 3425 sciturus
747 3358 871 3424 sciens.

346 3521 398 3531 —
442 3487 493 3561 10,
509 3485 665 3548 inueniam
748 3483 980 3546 inventurum.

347 3643 398 3654 —
443 3608 495 3682 26,
504 3628 574 3691 pua
590 3627 649 3670 esse
665 3607 700 3670 in
748 3624 869 3686 pacem
885 3623 960 3666 esse
972 3603 1104 3667 initam.

508 3705 621 3788 januis

349 3833 423 3909 334,
463 3834 495 3907 4,
509 3829 672 3895 uidebatur
751 3824 827 3887 The
843 3822 990 3887 Cotton.
1008 3822 1086 3887 MS.
1109 3822 1195 3887 adds
1217 3822 1309 3900 here,
1327 3820 1451 3886 ‘Heu-

772 3925 865 3988 ricus
902 3923 1150 4004 primogenitus
1183 3923 1275 4003 regis
1306 3922 1451 3985 Heurici

772 4023 865 4105 apud
883 4022 1229 4087 westmonasterium
1253 4021 1307 4085 die
1327 4021 1363 4086 S.
1381 4021 1452 4084 Ba·

773 4122 842 4186 silii
865 4142 887 4185 a
910 4121 1063 4204 Regem,
1079 4121 1337 4203 archiepiscopo
1361 4120 1453 4184 Eho·

642 4265 645 4270 -
772 4221 920 4299 racensi,
940 4229 1061 4285 contra
1079 4220 1274 4285 libertatem
1298 4219 1453 4283 ecclesiae

775 4320 1035 4386 Cantuariensis
1051 4326 1236 4385 coronatus
1249 4314 1324 4397 est,'
1341 4318 1453 4383 which

774 4422 831 4483 the
864 4419 1071 4500 Cambridge
1105 4418 1181 4482 MS.
1214 4418 1278 4482 has
1311 4436 1357 4482 ou
1395 4417 1453 4482 the

773 4520 919 4600 margin.
966 4517 1136 4602 Compare
1150 4518 1219 4583 vol.
1235 4518 1271 4582 ii.
1288 4537 1323 4600 p.
1339 4517 1414 4581 354.
