<?xml version="1.0" encoding="UTF-8"?>
<!DOCTYPE html PUBLIC "-//W3C//DTD XHTML 1.0 Transitional//EN"
    "http://www.w3.org/TR/xhtml1/DTD/xhtml1-transitional.dtd">
<html xmlns="http://www.w3.org/1999/xhtml" xml:lang="en" lang="en">
 <head>
  <title>
</title>
<meta http-equiv="Content-Type" content="text/html;charset=utf-8" />
  <meta name='ocr-system' content='tesseract 3.04.00' />
  <meta name='ocr-capabilities' content='ocr_page ocr_carea ocr_par ocr_line ocrx_word'/>
</head>
<body>
  <div class='ocr_page' id='page_1' title='image "./rogeridewendove00rogegoog_0230.png"; bbox 0 0 3384 5625; ppageno 0'>
   <div class='ocr_carea' id='block_1_1' title="bbox 293 778 1023 846">
    <p class='ocr_par' dir='ltr' id='par_1_1' title="bbox 293 778 1023 846">
     <span class='ocr_line' id='line_1_1' title="bbox 293 778 1023 846; baseline 0 -3"><span class='ocrx_word' id='word_1_1' title='bbox 293 778 359 843; x_wconf 77' lang='lat'><strong>208</strong></span> <span class='ocrx_word' id='word_1_2' title='bbox 666 798 868 846; x_wconf 70' lang='lat' dir='ltr'><strong>unowanus</strong></span> <span class='ocrx_word' id='word_1_3' title='bbox 894 798 1023 846; x_wconf 73' lang='lat' dir='ltr'><strong>vlnus.</strong></span> 
     </span>
    </p>
   </div>
   <div class='ocr_carea' id='block_1_2' title="bbox 344 976 1446 1556">
    <p class='ocr_par' dir='ltr' id='par_1_2' title="bbox 344 976 1446 1556">
     <span class='ocr_line' id='line_1_2' title="bbox 345 976 1403 1060; baseline -0.001 -19"><span class='ocrx_word' id='word_1_4' title='bbox 345 978 432 1041; x_wconf 88' lang='lat' dir='ltr'><strong>siam</strong></span> <span class='ocrx_word' id='word_1_5' title='bbox 467 977 687 1058; x_wconf 88' lang='lat' dir='ltr'><strong>depraedatus</strong></span> <span class='ocrx_word' id='word_1_6' title='bbox 721 986 785 1055; x_wconf 88' lang='lat' dir='ltr'><strong>est,</strong></span> <span class='ocrx_word' id='word_1_7' title='bbox 819 987 855 1042; x_wconf 90' lang='lat' dir='ltr'><strong>et</strong></span> <span class='ocrx_word' id='word_1_8' title='bbox 886 998 948 1060; x_wconf 89' lang='lat' dir='ltr'><strong>per</strong></span> <span class='ocrx_word' id='word_1_9' title='bbox 981 976 1183 1043; x_wconf 80' lang='lat' dir='ltr'><strong>savaricum</strong></span> <span class='ocrx_word' id='word_1_10' title='bbox 1216 978 1259 1042; x_wconf 91' lang='lat' dir='ltr'><strong>de</strong></span> <span class='ocrx_word' id='word_1_11' title='bbox 1289 977 1403 1041; x_wconf 83' lang='lat' dir='ltr'><strong>Malo</strong></span> 
     </span>
     <span class='ocr_line' id='line_1_3' title="bbox 344 1076 1402 1159; baseline 0 -19"><span class='ocrx_word' id='word_1_12' title='bbox 344 1077 443 1140; x_wconf 90' lang='lat' dir='ltr'><strong>leone</strong></span> <span class='ocrx_word' id='word_1_13' title='bbox 466 1085 501 1139; x_wconf 91' lang='lat' dir='ltr'><strong>et</strong></span> <span class='ocrx_word' id='word_1_14' title='bbox 522 1077 609 1141; x_wconf 91' lang='lat' dir='ltr'><strong>alios</strong></span> <span class='ocrx_word' id='word_1_15' title='bbox 634 1078 783 1142; x_wconf 84' lang='lat' dir='ltr'><strong>nefarios</strong></span> <span class='ocrx_word' id='word_1_16' title='bbox 804 1077 989 1159; x_wconf 86' lang='lat' dir='ltr'><strong>complices</strong></span> <span class='ocrx_word' id='word_1_17' title='bbox 1015 1096 1097 1141; x_wconf 91' lang='lat' dir='ltr'><strong>suos</strong></span> <span class='ocrx_word' id='word_1_18' title='bbox 1120 1076 1245 1140; x_wconf 84' lang='lat' dir='ltr'><strong>ibidem</strong></span> <span class='ocrx_word' id='word_1_19' title='bbox 1270 1077 1402 1141; x_wconf 88' lang='lat' dir='ltr'><strong>scelera</strong></span> 
     </span>
     <span class='ocr_line' id='line_1_4' title="bbox 345 1175 1446 1259; baseline 0.001 -21"><span class='ocrx_word' id='word_1_20' title='bbox 345 1175 501 1239; x_wconf 89' lang='lat' dir='ltr'><strong>inaudita</strong></span> <span class='ocrx_word' id='word_1_21' title='bbox 534 1178 756 1259; x_wconf 84' lang='lat' dir='ltr'><strong>perpetravit.</strong></span> <span class='ocrx_word' id='word_1_22' title='bbox 819 1177 953 1241; x_wconf 91' lang='lat' dir='ltr'><strong>Deinde</strong></span> <span class='ocrx_word' id='word_1_23' title='bbox 984 1197 1046 1259; x_wconf 90' lang='lat' dir='ltr'><strong>per</strong></span> <span class='ocrx_word' id='word_1_24' title='bbox 1078 1176 1231 1240; x_wconf 89' lang='lat' dir='ltr'><strong>maneria</strong></span> <span class='ocrx_word' id='word_1_25' title='bbox 1263 1178 1401 1241; x_wconf 85' lang='lat' dir='ltr'><strong>abbatis</strong></span> <span class='ocrx_word' id='word_1_26' title='bbox 1443 1223 1446 1230; x_wconf 86' lang='lat'>.</span> 
     </span>
     <span class='ocr_line' id='line_1_5' title="bbox 345 1275 1402 1357; baseline 0.002 -20"><span class='ocrx_word' id='word_1_27' title='bbox 345 1276 388 1338; x_wconf 89' lang='lat' dir='ltr'><strong>de</strong></span> <span class='ocrx_word' id='word_1_28' title='bbox 414 1275 578 1340; x_wconf 89' lang='lat' dir='ltr'><strong>Croiland</strong></span> <span class='ocrx_word' id='word_1_29' title='bbox 596 1277 779 1353; x_wconf 88' lang='lat' dir='ltr'><strong>transiens,</strong></span> <span class='ocrx_word' id='word_1_30' title='bbox 796 1296 913 1341; x_wconf 91' lang='lat' dir='ltr'><strong>omues</strong></span> <span class='ocrx_word' id='word_1_31' title='bbox 931 1283 1065 1356; x_wconf 82' lang='lat' dir='ltr'><strong>segetes</strong></span> <span class='ocrx_word' id='word_1_32' title='bbox 1085 1275 1173 1357; x_wconf 86' lang='lat' dir='ltr'><strong>ejus,</strong></span> <span class='ocrx_word' id='word_1_33' title='bbox 1194 1276 1284 1339; x_wconf 89' lang='lat' dir='ltr'><strong>sicut</strong></span> <span class='ocrx_word' id='word_1_34' title='bbox 1302 1283 1402 1339; x_wconf 87' lang='lat' dir='ltr'><strong>erant</strong></span> 
     </span>
     <span class='ocr_line' id='line_1_6' title="bbox 344 1374 1399 1457; baseline 0.001 -20"><span class='ocrx_word' id='word_1_35' title='bbox 344 1375 380 1437; x_wconf 92' lang='lat' dir='ltr'><strong>in</strong></span> <span class='ocrx_word' id='word_1_36' title='bbox 403 1374 470 1438; x_wconf 88' lang='lat' dir='ltr'><strong>fine</strong></span> <span class='ocrx_word' id='word_1_37' title='bbox 491 1376 647 1438; x_wconf 83' lang='lat' dir='ltr'><strong>autumni</strong></span> <span class='ocrx_word' id='word_1_38' title='bbox 666 1384 853 1457; x_wconf 81' lang='lat' dir='ltr'><strong>congestae,</strong></span> <span class='ocrx_word' id='word_1_39' title='bbox 877 1376 913 1438; x_wconf 94' lang='lat' dir='ltr'><strong>in</strong></span> <span class='ocrx_word' id='word_1_40' title='bbox 930 1374 1067 1439; x_wconf 81' lang='lat' dir='ltr'><strong>favillas</strong></span> <span class='ocrx_word' id='word_1_41' title='bbox 1090 1374 1399 1456; x_wconf 79' lang='lat' dir='ltr'><strong>redegit-Added</strong></span> 
     </span>
     <span class='ocr_line' id='line_1_7' title="bbox 345 1472 788 1556; baseline 0.002 -20"><span class='ocrx_word' id='word_1_42' title='bbox 345 1474 381 1536; x_wconf 91' lang='lat' dir='ltr'><strong>in</strong></span> <span class='ocrx_word' id='word_1_43' title='bbox 398 1474 440 1537; x_wconf 88' lang='lat' dir='ltr'><strong>B.</strong></span> <span class='ocrx_word' id='word_1_44' title='bbox 459 1475 505 1556; x_wconf 88' lang='lat' dir='ltr'><strong>by</strong></span> <span class='ocrx_word' id='word_1_45' title='bbox 524 1472 625 1537; x_wconf 89' lang='lat' dir='ltr'><strong>Paris</strong></span> <span class='ocrx_word' id='word_1_46' title='bbox 642 1474 788 1539; x_wconf 86' lang='lat' dir='ltr'><strong>himself.</strong></span> 
     </span>
    </p>
   </div>
   <div class='ocr_carea' id='block_1_3' title="bbox 306 1623 443 1659">
    <p class='ocr_par' dir='ltr' id='par_1_3' title="bbox 306 1623 443 1659">
     <span class='ocr_line' id='line_1_8' title="bbox 306 1623 443 1659; baseline 0 -1"><span class='ocrx_word' id='word_1_47' title='bbox 306 1623 362 1658; x_wconf 74' lang='lat' dir='ltr'><strong>Plo.</strong></span> <span class='ocrx_word' id='word_1_48' title='bbox 390 1623 443 1659; x_wconf 78' lang='lat' dir='ltr'><strong>un.</strong></span> 
     </span>
    </p>
   </div>
   <div class='ocr_carea' id='block_1_4' title="bbox 295 1701 1401 4378">
    <p class='ocr_par' dir='ltr' id='par_1_4' title="bbox 295 1701 814 1864">
     <span class='ocr_line' id='line_1_9' title="bbox 295 1701 814 1778; baseline 0.002 -14"><span class='ocrx_word' id='word_1_49' title='bbox 295 1704 372 1778; x_wconf 86' lang='lat'>385,</span> <span class='ocrx_word' id='word_1_50' title='bbox 388 1703 440 1777; x_wconf 81' lang='lat'><strong>28,</strong></span> <span class='ocrx_word' id='word_1_51' title='bbox 457 1701 647 1768; x_wconf 72' lang='lat' dir='ltr'><strong>cwm.,.di-</strong></span> <span class='ocrx_word' id='word_1_52' title='bbox 698 1702 814 1767; x_wconf 75' lang='lat' dir='ltr'><strong>deamat.</strong></span> 
     </span>
     <span class='ocr_line' id='line_1_10' title="bbox 461 1799 559 1864; baseline 0.031 -3"><span class='ocrx_word' id='word_1_53' title='bbox 461 1799 559 1864; x_wconf 76' lang='lat' dir='ltr'><strong>aridio</strong></span> 
     </span>
    </p>

    <p class='ocr_par' dir='ltr' id='par_1_5' title="bbox 298 1918 1401 4378">
     <span class='ocr_line' id='line_1_11' title="bbox 298 1918 1398 2007; baseline -0.002 -20"><span class='ocrx_word' id='word_1_54' title='bbox 298 1922 371 1999; x_wconf 89' lang='grc'><strong>386,</strong></span> <span class='ocrx_word' id='word_1_55' title='bbox 411 1918 440 1999; x_wconf 83' lang='grc'><strong>7,</strong></span> <span class='ocrx_word' id='word_1_56' title='bbox 451 1923 557 2006; x_wconf 78' lang='lat' dir='ltr'><strong>potuit</strong></span> <span class='ocrx_word' id='word_1_57' title='bbox 700 1925 826 2007; x_wconf 90' lang='lat' dir='ltr'><strong>potuit,</strong></span> <span class='ocrx_word' id='word_1_58' title='bbox 843 1925 1014 1989; x_wconf 90' lang='lat' dir='ltr'><strong>vocabant</strong></span> <span class='ocrx_word' id='word_1_59' title='bbox 1029 1922 1118 1985; x_wconf 87' lang='lat' dir='ltr'><strong>euim</strong></span> <span class='ocrx_word' id='word_1_60' title='bbox 1135 1941 1214 1985; x_wconf 87' lang='lat' dir='ltr'><strong>eum</strong></span> <span class='ocrx_word' id='word_1_61' title='bbox 1229 1922 1304 1985; x_wconf 85' lang='lat' dir='ltr'><strong>fata</strong></span> <span class='ocrx_word' id='word_1_62' title='bbox 1324 1941 1398 1985; x_wconf 88' lang='lat' dir='ltr'><strong>sua.</strong></span> 
     </span>
     <span class='ocr_line' id='line_1_12' title="bbox 721 2020 1400 2105; baseline -0.006 -18"><span class='ocrx_word' id='word_1_63' title='bbox 721 2022 842 2087; x_wconf 85' lang='lat' dir='ltr'><strong>Abbas</strong></span> <span class='ocrx_word' id='word_1_64' title='bbox 867 2023 974 2105; x_wconf 83' lang='lat' dir='ltr'><strong>igitur</strong></span> <span class='ocrx_word' id='word_1_65' title='bbox 999 2021 1241 2085; x_wconf 88' lang='lat' dir='ltr'><strong>canonicorum</strong></span> <span class='ocrx_word' id='word_1_66' title='bbox 1269 2020 1400 2084; x_wconf 82' lang='lat' dir='ltr'><strong>Crolre-</strong></span> 
     </span>
     <span class='ocr_line' id='line_1_13' title="bbox 723 2120 1401 2204; baseline -0.003 -18"><span class='ocrx_word' id='word_1_67' title='bbox 723 2123 845 2187; x_wconf 90' lang='lat' dir='ltr'><strong>stooiae</strong></span> <span class='ocrx_word' id='word_1_68' title='bbox 882 2122 1109 2204; x_wconf 90' lang='lat' dir='ltr'><strong>peritissimus</strong></span> <span class='ocrx_word' id='word_1_69' title='bbox 1137 2121 1174 2183; x_wconf 90' lang='lat' dir='ltr'><strong>in</strong></span> <span class='ocrx_word' id='word_1_70' title='bbox 1210 2120 1401 2194; x_wconf 88' lang='lat' dir='ltr'><strong>medicinis,</strong></span> 
     </span>
     <span class='ocr_line' id='line_1_14' title="bbox 722 2221 1400 2304; baseline -0.006 -19"><span class='ocrx_word' id='word_1_71' title='bbox 722 2223 782 2304; x_wconf 92' lang='lat' dir='ltr'><strong>qui</strong></span> <span class='ocrx_word' id='word_1_72' title='bbox 813 2222 965 2285; x_wconf 91' lang='lat' dir='ltr'><strong>medicus</strong></span> <span class='ocrx_word' id='word_1_73' title='bbox 997 2221 1088 2302; x_wconf 85' lang='lat' dir='ltr'><strong>regis</strong></span> <span class='ocrx_word' id='word_1_74' title='bbox 1123 2226 1206 2283; x_wconf 92' lang='lat' dir='ltr'><strong>tunc</strong></span> <span class='ocrx_word' id='word_1_75' title='bbox 1236 2221 1400 2301; x_wconf 88' lang='lat' dir='ltr'><strong>temporis</strong></span> 
     </span>
     <span class='ocr_line' id='line_1_15' title="bbox 722 2318 1400 2398; baseline -0.004 -14"><span class='ocrx_word' id='word_1_76' title='bbox 722 2321 918 2398; x_wconf 87' lang='lat' dir='ltr'><strong>exstiterat,</strong></span> <span class='ocrx_word' id='word_1_77' title='bbox 948 2320 1041 2383; x_wconf 85' lang='lat' dir='ltr'><strong>facta</strong></span> <span class='ocrx_word' id='word_1_78' title='bbox 1065 2318 1241 2382; x_wconf 87' lang='lat' dir='ltr'><strong>anatomia</strong></span> <span class='ocrx_word' id='word_1_79' title='bbox 1264 2318 1305 2381; x_wconf 92' lang='lat' dir='ltr'><strong>de</strong></span> <span class='ocrx_word' id='word_1_80' title='bbox 1324 2338 1400 2382; x_wconf 89' lang='lat' dir='ltr'><strong>cor·</strong></span> 
     </span>
     <span class='ocr_line' id='line_1_16' title="bbox 719 2418 1399 2502; baseline -0.003 -20"><span class='ocrx_word' id='word_1_81' title='bbox 719 2439 804 2502; x_wconf 87' lang='lat' dir='ltr'><strong>pore</strong></span> <span class='ocrx_word' id='word_1_82' title='bbox 822 2419 918 2500; x_wconf 85' lang='lat' dir='ltr'><strong>regio</strong></span> <span class='ocrx_word' id='word_1_83' title='bbox 940 2426 980 2481; x_wconf 90' lang='lat' dir='ltr'><strong>ut</strong></span> <span class='ocrx_word' id='word_1_84' title='bbox 994 2418 1171 2484; x_wconf 89' lang='lat' dir='ltr'><strong>honestius</strong></span> <span class='ocrx_word' id='word_1_85' title='bbox 1189 2424 1399 2500; x_wconf 88' lang='lat' dir='ltr'><strong>portaretur,</strong></span> 
     </span>
     <span class='ocr_line' id='line_1_17' title="bbox 720 2517 1399 2600; baseline -0.003 -18"><span class='ocrx_word' id='word_1_86' title='bbox 720 2519 854 2583; x_wconf 89' lang='lat' dir='ltr'><strong>viscera</strong></span> <span class='ocrx_word' id='word_1_87' title='bbox 879 2518 1019 2600; x_wconf 90' lang='lat' dir='ltr'><strong>copioso</strong></span> <span class='ocrx_word' id='word_1_88' title='bbox 1043 2517 1115 2580; x_wconf 90' lang='lat' dir='ltr'><strong>sale</strong></span> <span class='ocrx_word' id='word_1_89' title='bbox 1143 2536 1341 2599; x_wconf 89' lang='lat' dir='ltr'><strong>conspersa,</strong></span> <span class='ocrx_word' id='word_1_90' title='bbox 1364 2518 1399 2580; x_wconf 90' lang='lat' dir='ltr'><strong>iu</strong></span> 
     </span>
     <span class='ocr_line' id='line_1_18' title="bbox 720 2615 1399 2699; baseline -0.003 -18"><span class='ocrx_word' id='word_1_91' title='bbox 720 2637 785 2681; x_wconf 90' lang='lat' dir='ltr'><strong>sua</strong></span> <span class='ocrx_word' id='word_1_92' title='bbox 814 2617 915 2680; x_wconf 91' lang='lat' dir='ltr'><strong>domo</strong></span> <span class='ocrx_word' id='word_1_93' title='bbox 940 2623 1187 2699; x_wconf 87' lang='lat' dir='ltr'><strong>transportata,</strong></span> <span class='ocrx_word' id='word_1_94' title='bbox 1214 2615 1399 2680; x_wconf 88' lang='lat' dir='ltr'><strong>honorilice</strong></span> 
     </span>
     <span class='ocr_line' id='line_1_19' title="bbox 721 2715 1398 2800; baseline -0.004 -21"><span class='ocrx_word' id='word_1_95' title='bbox 721 2717 803 2781; x_wconf 89' lang='lat' dir='ltr'><strong>secit</strong></span> <span class='ocrx_word' id='word_1_96' title='bbox 820 2716 967 2800; x_wconf 89' lang='lat' dir='ltr'><strong>sepeliri.</strong></span> <span class='ocrx_word' id='word_1_97' title='bbox 1020 2715 1106 2779; x_wconf 83' lang='lat' dir='ltr'><strong>Cum</strong></span> <span class='ocrx_word' id='word_1_98' title='bbox 1126 2721 1241 2778; x_wconf 87' lang='lat' dir='ltr'><strong>autem</strong></span> <span class='ocrx_word' id='word_1_99' title='bbox 1258 2734 1398 2795; x_wconf 82' lang='lat' dir='ltr'><strong>regnas-</strong></span> 
     </span>
     <span class='ocr_line' id='line_1_20' title="bbox 720 2813 1398 2890; baseline -0.007 -10"><span class='ocrx_word' id='word_1_100' title='bbox 720 2824 774 2880; x_wconf 89' lang='lat' dir='ltr'><strong>set</strong></span> <span class='ocrx_word' id='word_1_101' title='bbox 794 2837 858 2880; x_wconf 84' lang='lat' dir='ltr'><strong>rex</strong></span> <span class='ocrx_word' id='word_1_102' title='bbox 883 2817 906 2879; x_wconf 88' lang='lat' dir='ltr'><strong>J</strong></span> <span class='ocrx_word' id='word_1_103' title='bbox 910 2816 1061 2879; x_wconf 90' lang='lat' dir='ltr'><strong>ohannes</strong></span> <span class='ocrx_word' id='word_1_104' title='bbox 1083 2815 1183 2878; x_wconf 88' lang='lat' dir='ltr'><strong>annis</strong></span> <span class='ocrx_word' id='word_1_105' title='bbox 1199 2813 1398 2890; x_wconf 89' lang='lat' dir='ltr'><strong>octodecim,</strong></span> 
     </span>
     <span class='ocr_line' id='line_1_21' title="bbox 720 2913 1397 2997; baseline -0.001 -20"><span class='ocrx_word' id='word_1_106' title='bbox 720 2917 895 2978; x_wconf 88' lang='lat' dir='ltr'><strong>mensibus</strong></span> <span class='ocrx_word' id='word_1_107' title='bbox 927 2916 1090 2997; x_wconf 90' lang='lat' dir='ltr'><strong>quinque,</strong></span> <span class='ocrx_word' id='word_1_108' title='bbox 1127 2913 1245 2977; x_wconf 89' lang='lat' dir='ltr'><strong>diebus</strong></span> <span class='ocrx_word' id='word_1_109' title='bbox 1283 2921 1397 2976; x_wconf 89' lang='lat' dir='ltr'><strong>autern</strong></span> 
     </span>
     <span class='ocr_line' id='line_1_22' title="bbox 721 3011 1398 3096; baseline -0.001 -21"><span class='ocrx_word' id='word_1_110' title='bbox 721 3021 882 3094; x_wconf 89' lang='lat' dir='ltr'><strong>quatuor,</strong></span> <span class='ocrx_word' id='word_1_111' title='bbox 910 3016 953 3076; x_wconf 90' lang='lat' dir='ltr'><strong>ab</strong></span> <span class='ocrx_word' id='word_1_112' title='bbox 981 3014 1046 3076; x_wconf 88' lang='lat' dir='ltr'><strong>hac</strong></span> <span class='ocrx_word' id='word_1_113' title='bbox 1072 3014 1158 3090; x_wconf 88' lang='lat' dir='ltr'><strong>vita,</strong></span> <span class='ocrx_word' id='word_1_114' title='bbox 1188 3019 1268 3095; x_wconf 88' lang='lat' dir='ltr'><strong>post</strong></span> <span class='ocrx_word' id='word_1_115' title='bbox 1296 3011 1398 3096; x_wconf 91' lang='lat' dir='ltr'><strong>hujus</strong></span> 
     </span>
     <span class='ocr_line' id='line_1_23' title="bbox 719 3112 1398 3195; baseline 0.003 -22"><span class='ocrx_word' id='word_1_116' title='bbox 719 3112 827 3175; x_wconf 90' lang='lat' dir='ltr'><strong>seculi</strong></span> <span class='ocrx_word' id='word_1_117' title='bbox 847 3113 974 3176; x_wconf 90' lang='lat' dir='ltr'><strong>multas</strong></span> <span class='ocrx_word' id='word_1_118' title='bbox 999 3113 1275 3195; x_wconf 86' lang='lat' dir='ltr'><strong>perturbationes</strong></span> <span class='ocrx_word' id='word_1_119' title='bbox 1298 3119 1334 3175; x_wconf 86' lang='lat' dir='ltr'><strong>et</strong></span> <span class='ocrx_word' id='word_1_120' title='bbox 1348 3112 1398 3175; x_wconf 92' lang='lat' dir='ltr'><strong>la-</strong></span> 
     </span>
     <span class='ocr_line' id='line_1_24' title="bbox 720 3211 1398 3288; baseline 0 -14"><span class='ocrx_word' id='word_1_121' title='bbox 720 3213 820 3275; x_wconf 89' lang='lat' dir='ltr'><strong>bores</strong></span> <span class='ocrx_word' id='word_1_122' title='bbox 861 3212 1012 3288; x_wconf 89' lang='lat' dir='ltr'><strong>inutiles,</strong></span> <span class='ocrx_word' id='word_1_123' title='bbox 1051 3212 1088 3274; x_wconf 93' lang='lat' dir='ltr'><strong>in</strong></span> <span class='ocrx_word' id='word_1_124' title='bbox 1130 3211 1240 3274; x_wconf 90' lang='lat' dir='ltr'><strong>multa</strong></span> <span class='ocrx_word' id='word_1_125' title='bbox 1273 3212 1398 3274; x_wconf 88' lang='lat' dir='ltr'><strong>mentis</strong></span> 
     </span>
     <span class='ocr_line' id='line_1_25' title="bbox 721 3310 1399 3391; baseline -0.003 -17"><span class='ocrx_word' id='word_1_126' title='bbox 721 3311 949 3375; x_wconf 86' lang='lat' dir='ltr'><strong>amaritudine</strong></span> <span class='ocrx_word' id='word_1_127' title='bbox 966 3311 1164 3374; x_wconf 87' lang='lat' dir='ltr'><strong>subtractus</strong></span> <span class='ocrx_word' id='word_1_128' title='bbox 1177 3310 1399 3391; x_wconf 83' lang='lat' dir='ltr'><strong>transmigra-</strong></span> 
     </span>
     <span class='ocr_line' id='line_1_26' title="bbox 720 3408 1397 3490; baseline -0.003 -17"><span class='ocrx_word' id='word_1_129' title='bbox 720 3411 783 3486; x_wconf 91' lang='lat' dir='ltr'><strong>vit,</strong></span> <span class='ocrx_word' id='word_1_130' title='bbox 811 3409 897 3473; x_wconf 91' lang='lat' dir='ltr'><strong>nibil</strong></span> <span class='ocrx_word' id='word_1_131' title='bbox 922 3417 1035 3485; x_wconf 87' lang='lat' dir='ltr'><strong>terrae,</strong></span> <span class='ocrx_word' id='word_1_132' title='bbox 1060 3409 1130 3472; x_wconf 92' lang='lat' dir='ltr'><strong>imo</strong></span> <span class='ocrx_word' id='word_1_133' title='bbox 1157 3428 1220 3472; x_wconf 91' lang='lat' dir='ltr'><strong>uec</strong></span> <span class='ocrx_word' id='word_1_134' title='bbox 1248 3408 1397 3490; x_wconf 89' lang='lat' dir='ltr'><strong>seipsum</strong></span> 
     </span>
     <span class='ocr_line' id='line_1_27' title="bbox 720 3507 1398 3590; baseline -0.003 -18"><span class='ocrx_word' id='word_1_135' title='bbox 720 3507 913 3590; x_wconf 84' lang='lat' dir='ltr'><strong>possidens,</strong></span> <span class='ocrx_word' id='word_1_136' title='bbox 965 3507 1181 3590; x_wconf 88' lang='lat' dir='ltr'><strong>Speraudum</strong></span> <span class='ocrx_word' id='word_1_137' title='bbox 1208 3513 1261 3570; x_wconf 90' lang='lat' dir='ltr'><strong>est</strong></span> <span class='ocrx_word' id='word_1_138' title='bbox 1283 3514 1398 3570; x_wconf 88' lang='lat' dir='ltr'><strong>autern</strong></span> 
     </span>
     <span class='ocr_line' id='line_1_28' title="bbox 720 3605 1398 3686; baseline 0.001 -18"><span class='ocrx_word' id='word_1_139' title='bbox 720 3615 755 3671; x_wconf 88' lang='lat' dir='ltr'><strong>et</strong></span> <span class='ocrx_word' id='word_1_140' title='bbox 793 3607 981 3671; x_wconf 83' lang='lat' dir='ltr'><strong>certissime</strong></span> <span class='ocrx_word' id='word_1_141' title='bbox 1021 3605 1272 3681; x_wconf 88' lang='lat' dir='ltr'><strong>confidendum,</strong></span> <span class='ocrx_word' id='word_1_142' title='bbox 1307 3605 1398 3686; x_wconf 91' lang='lat' dir='ltr'><strong>quod</strong></span> 
     </span>
     <span class='ocr_line' id='line_1_29' title="bbox 719 3703 1397 3786; baseline 0.001 -20"><span class='ocrx_word' id='word_1_143' title='bbox 719 3705 877 3784; x_wconf 86' lang='lat' dir='ltr'><strong>quaedam</strong></span> <span class='ocrx_word' id='word_1_144' title='bbox 900 3706 990 3769; x_wconf 87' lang='lat' dir='ltr'><strong>bona</strong></span> <span class='ocrx_word' id='word_1_145' title='bbox 1013 3723 1130 3786; x_wconf 87' lang='lat' dir='ltr'><strong>opera,</strong></span> <span class='ocrx_word' id='word_1_146' title='bbox 1153 3723 1231 3785; x_wconf 85' lang='lat' dir='ltr'><strong>quae</strong></span> <span class='ocrx_word' id='word_1_147' title='bbox 1254 3703 1337 3767; x_wconf 86' lang='lat' dir='ltr'><strong>fecit</strong></span> <span class='ocrx_word' id='word_1_148' title='bbox 1361 3705 1397 3767; x_wconf 92' lang='lat' dir='ltr'><strong>iu</strong></span> 
     </span>
     <span class='ocr_line' id='line_1_30' title="bbox 719 3802 1398 3885; baseline 0.006 -23"><span class='ocrx_word' id='word_1_149' title='bbox 719 3802 784 3863; x_wconf 93' lang='lat' dir='ltr'><strong>hac</strong></span> <span class='ocrx_word' id='word_1_150' title='bbox 810 3802 895 3879; x_wconf 86' lang='lat' dir='ltr'><strong>vita,</strong></span> <span class='ocrx_word' id='word_1_151' title='bbox 921 3802 1121 3884; x_wconf 81' lang='lat' dir='ltr'><strong>allegabunt</strong></span> <span class='ocrx_word' id='word_1_152' title='bbox 1152 3823 1214 3885; x_wconf 90' lang='lat' dir='ltr'><strong>pro</strong></span> <span class='ocrx_word' id='word_1_153' title='bbox 1244 3822 1285 3867; x_wconf 91' lang='lat' dir='ltr'><strong>eo</strong></span> <span class='ocrx_word' id='word_1_154' title='bbox 1317 3810 1398 3867; x_wconf 89' lang='lat' dir='ltr'><strong>ante</strong></span> 
     </span>
     <span class='ocr_line' id='line_1_31' title="bbox 719 3899 1396 3979; baseline 0.006 -17"><span class='ocrx_word' id='word_1_155' title='bbox 719 3899 870 3963; x_wconf 88' lang='lat' dir='ltr'><strong>tribunal</strong></span> <span class='ocrx_word' id='word_1_156' title='bbox 900 3901 986 3964; x_wconf 86' lang='lat' dir='ltr'><strong>Jesu</strong></span> <span class='ocrx_word' id='word_1_157' title='bbox 1016 3901 1166 3979; x_wconf 89' lang='lat' dir='ltr'><strong>Christi;</strong></span> <span class='ocrx_word' id='word_1_158' title='bbox 1200 3903 1396 3966; x_wconf 85' lang='lat' dir='ltr'><strong>construxit</strong></span> 
     </span>
     <span class='ocr_line' id='line_1_32' title="bbox 718 3999 1397 4064; baseline 0.004 -3"><span class='ocrx_word' id='word_1_159' title='bbox 718 3999 807 4062; x_wconf 88' lang='lat' dir='ltr'><strong>enim</strong></span> <span class='ocrx_word' id='word_1_160' title='bbox 823 4000 998 4064; x_wconf 86' lang='lat' dir='ltr'><strong>abbatiam</strong></span> <span class='ocrx_word' id='word_1_161' title='bbox 1014 4000 1252 4064; x_wconf 80' lang='lat' dir='ltr'><strong>cisterciensis</strong></span> <span class='ocrx_word' id='word_1_162' title='bbox 1267 4000 1397 4064; x_wconf 88' lang='lat' dir='ltr'><strong>ordinis</strong></span> 
     </span>
     <span class='ocr_line' id='line_1_33' title="bbox 722 4097 1398 4176; baseline 0.001 -15"><span class='ocrx_word' id='word_1_163' title='bbox 722 4097 764 4161; x_wconf 89' lang='lat' dir='ltr'><strong>de</strong></span> <span class='ocrx_word' id='word_1_164' title='bbox 786 4098 994 4176; x_wconf 90' lang='lat' dir='ltr'><strong>Bello-loco,</strong></span> <span class='ocrx_word' id='word_1_165' title='bbox 1021 4107 1057 4162; x_wconf 90' lang='lat' dir='ltr'><strong>et</strong></span> <span class='ocrx_word' id='word_1_166' title='bbox 1074 4098 1260 4162; x_wconf 88' lang='lat' dir='ltr'><strong>moriturus</strong></span> <span class='ocrx_word' id='word_1_167' title='bbox 1282 4097 1398 4163; x_wconf 90' lang='lat' dir='ltr'><strong>domui</strong></span> 
     </span>
     <span class='ocr_line' id='line_1_34' title="bbox 718 4196 1398 4262; baseline 0.003 -3"><span class='ocrx_word' id='word_1_168' title='bbox 718 4196 761 4260; x_wconf 89' lang='lat' dir='ltr'><strong>de</strong></span> <span class='ocrx_word' id='word_1_169' title='bbox 779 4197 997 4262; x_wconf 85' lang='lat' dir='ltr'><strong>Crokestuna</strong></span> <span class='ocrx_word' id='word_1_170' title='bbox 1014 4198 1128 4262; x_wconf 89' lang='lat' dir='ltr'><strong>decem</strong></span> <span class='ocrx_word' id='word_1_171' title='bbox 1150 4198 1315 4261; x_wconf 90' lang='lat' dir='ltr'><strong>librarum</strong></span> <span class='ocrx_word' id='word_1_172' title='bbox 1329 4206 1398 4261; x_wconf 90' lang='lat' dir='ltr'><strong>ter·</strong></span> 
     </span>
     <span class='ocr_line' id='line_1_35' title="bbox 718 4297 1178 4378; baseline 0.007 -19"><span class='ocrx_word' id='word_1_173' title='bbox 718 4315 792 4360; x_wconf 89' lang='lat' dir='ltr'><strong>ram</strong></span> <span class='ocrx_word' id='word_1_174' title='bbox 809 4299 956 4361; x_wconf 89' lang='lat' dir='ltr'><strong>contulit</strong></span> <span class='ocrx_word' id='word_1_175' title='bbox 970 4297 1178 4378; x_wconf 90' lang='lat' dir='ltr'><strong>opulentam.</strong></span> 
     </span>
    </p>
   </div>
   <div class='ocr_carea' id='block_1_5' title="bbox 296 4415 1397 4599">
    <p class='ocr_par' dir='ltr' id='par_1_6' title="bbox 296 4415 1397 4599">
     <span class='ocr_line' id='line_1_36' title="bbox 296 4415 1397 4494; baseline 0.005 -16"><span class='ocrx_word' id='word_1_176' title='bbox 296 4458 347 4467; x_wconf 88' lang='lat'><em>-</em></span> <span class='ocrx_word' id='word_1_177' title='bbox 391 4419 445 4493; x_wconf 92' lang='lat' dir='ltr'><strong>ll,</strong></span> <span class='ocrx_word' id='word_1_178' title='bbox 462 4415 625 4480; x_wconf 71' lang='lat' dir='ltr'><strong>lunulam</strong></span> <span class='ocrx_word' id='word_1_179' title='bbox 695 4417 787 4481; x_wconf 81' lang='lat' dir='ltr'><strong>addit</strong></span> <span class='ocrx_word' id='word_1_180' title='bbox 815 4419 939 4494; x_wconf 78' lang='lat' dir='ltr'><strong>Paris,</strong></span> <span class='ocrx_word' id='word_1_181' title='bbox 971 4419 1018 4482; x_wconf 92' lang='lat' dir='ltr'><strong>Et</strong></span> <span class='ocrx_word' id='word_1_182' title='bbox 1047 4420 1102 4482; x_wconf 92' lang='lat' dir='ltr'><strong>cui</strong></span> <span class='ocrx_word' id='word_1_183' title='bbox 1133 4439 1289 4486; x_wconf 87' lang='lat' dir='ltr'><strong>connexa</strong></span> <span class='ocrx_word' id='word_1_184' title='bbox 1317 4420 1397 4483; x_wconf 92' lang='lat' dir='ltr'><strong>dum</strong></span> 
     </span>
     <span class='ocr_line' id='line_1_37' title="bbox 719 4519 1162 4599; baseline 0 -18"><span class='ocrx_word' id='word_1_185' title='bbox 719 4519 809 4582; x_wconf 82' lang='lat' dir='ltr'><strong>vixit</strong></span> <span class='ocrx_word' id='word_1_186' title='bbox 825 4519 951 4599; x_wconf 89' lang='lat' dir='ltr'><strong>probra</strong></span> <span class='ocrx_word' id='word_1_187' title='bbox 968 4519 1162 4583; x_wconf 89' lang='lat' dir='ltr'><strong>manebant.</strong></span> 
     </span>
    </p>
   </div>
   <div class='ocr_carea' id='block_1_6' title="bbox 0 0 1696 5625">
    <p class='ocr_par' dir='ltr' id='par_1_7' title="bbox 0 0 1696 5625">
     <span class='ocr_line' id='line_1_38' title="bbox 0 0 1696 5625; baseline 0 2"><span class='ocrx_word' id='word_1_188' title='bbox 0 0 1696 5625; x_wconf 95' lang='lat' dir='ltr'><strong> </strong></span> 
     </span>
    </p>
   </div>
  </div>
 </body>
</html>
