3384 5625
672 794 870 843 unculouns
893 795 1027 844 VARIAE.
1356 781 1400 846 77

305 918 362 957 PAO.
385 920 439 958 nrt.

295 980 558 1066 335‚10,op0ro
697 995 849 1065 operum.

296 1102 360 1172 337
389 1106 428 1169 16
452 1114 605 1189 pamm,
699 1079 757 1145 All
775 1081 843 1144 this
863 1080 1042 1158 insertion,
1061 1088 1098 1146 to
1119 1081 1178 1146 the
1191 1082 1305 1147 words
1320 1084 1400 1147 ‘ad-

362 1153 370 1182 '
431 1152 647 1289 ’pruffling
719 1179 787 1244 huc
810 1181 924 1257 esset,’
942 1182 979 1244 in
1004 1180 1062 1244 the
1086 1179 1293 1265 Cambridge
1320 1183 1398 1248 MS.

465 1312 527 1367 m,
719 1278 750 1342 is
775 1281 823 1361 by
849 1278 962 1343 Paris'
992 1299 1071 1345 own
1100 1281 1206 1356 hand,
1232 1282 1309 1346 who
1335 1282 1400 1346 has

719 1379 904 1461 expunged
926 1379 985 1443 the
1005 1381 1119 1444 rubric
1140 1381 1207 1445 and
1225 1382 1283 1446 the
1306 1401 1399 1445 com-

720 1485 935 1542 mencement
956 1478 997 1542 of
1014 1479 1072 1543 the
1092 1480 1271 1562 following
1292 1482 1398 1563 chap-

721 1584 785 1654 ter,
818 1578 887 1641 and
925 1577 1017 1642 filled
1050 1599 1097 1662 up
1129 1580 1188 1643 the
1220 1599 1323 1663 space
1353 1582 1400 1663 by

721 1677 860 1757 writing
877 1676 936 1741 the
951 1678 1017 1741 end
1033 1678 1072 1742 of
1087 1678 1146 1742 the
1162 1679 1346 1761 preceding
1362 1681 1400 1743 iu

721 1795 743 1838 a
759 1775 865 1839 wider
881 1775 982 1840 form.
1033 1777 1187 1841 ‘Diebus
1200 1786 1314 1843 autem
1334 1780 1399 1842 sub

722 1873 851 1938 eisdem
867 1875 1025 1939 dominus
1041 1895 1133 1958 papa
1147 1876 1235 1940 hanc
1259 1877 1398 1959 elegan-

721 1980 790 2038 tem
802 1974 982 2057 epistolam
996 1976 1088 2040 misit
1098 1974 1250 2040 Soldano
1260 1976 1399 2055 Yconii,

721 2075 928 2155 proponenti
954 2075 1117 2156 baptismi
1145 2083 1400 2140 sacramentum

722 2173 897 2255 suscipere
917 2174 1004 2237 etin
1025 2173 1102 2255 lege
1126 2173 1323 2239 Christiana
1347 2176 1400 2239 in·

721 2272 810 2335 strui
824 2272 987 2354 cupienti.
1027 2271 1250 2339 ‘Alexander
1267 2276 1399 2358 episco-

722 2388 801 2452 pua,
821 2390 941 2435 servus
958 2390 1136 2436 servorum
1153 2373 1233 2450 Dei,
1250 2373 1401 2439 Soldano

723 2468 865 2547 Yconii,
883 2471 1065 2535 veritatem
1082 2491 1269 2553 agnoscere
1286 2480 1321 2537 et
1339 2493 1402 2555 ag·

724 2568 832 2631 uitam
850 2570 1034 2634 custodire.
1080 2570 1136 2633 Ex
1154 2571 1263 2636 literis
1280 2573 1350 2636 tuis
1366 2580 1401 2638 et

725 2669 924 2731 nuntiorum
952 2668 1045 2731 fideli
1080 2669 1247 2733 relatione
1273 2690 1402 2751 cogno-

724 2766 850 2844 vimus,
878 2765 970 2850 quod
1004 2767 1040 2830 in
1071 2767 1162 2833 votis
1196 2768 1324 2834 habeas
1357 2771 1400 2835 ad

725 2864 901 2931 Christum
933 2868 1100 2931 converti.
1152 2867 1307 2951 Cumque
1327 2869 1400 2953 jam

724 2966 907 3049 receperis,
929 2973 969 3029 ut
991 2966 1197 3044 audivimus,
1223 2976 1404 3050 pentateu-

724 3084 802 3128 cum
826 3065 973 3147 Moysis,
996 3066 1212 3148 prophetiam
1232 3067 1346 3132 Esaiae
1370 3076 1405 3134 et

725 3164 925 3241 Hieremiae,
956 3164 1060 3228 Pauli
1090 3166 1267 3247 epistolas,
1300 3176 1405 3249 atque

725 3261 748 3325 J
751 3262 897 3326 ohannis
920 3263 1137 3345 evangelium
1166 3271 1202 3328 et
1229 3265 1404 3344 Matthaei,

725 3361 883 3443 postulas
908 3362 971 3424 tibi
1000 3363 1091 3426 mitti
1118 3363 1228 3427 virum
1255 3363 1404 3447 aliquem

726 3459 959 3524 orthodoxum
1002 3479 1064 3542 per
1104 3479 1204 3543 quem
1250 3463 1286 3524 in
1327 3464 1404 3545 lege

727 3557 868 3633 Christi,
893 3559 993 3641 quasi
1014 3559 1086 3623 vice
1114 3565 1245 3638 nostra,
1269 3561 1405 3642 plenius

725 3658 918 3723 instrueris.
982 3657 1059 3722 Nos
1095 3665 1211 3722 autem
1246 3660 1405 3741 petitioni

727 3763 796 3821 tuae
820 3758 1004 3840 plurimum
1030 3759 1067 3821 iu
1090 3758 1167 3823 Deo
1186 3759 1405 3824 commenda·

725 3857 786 3920 bili
806 3865 906 3938 grato
922 3864 1139 3921 occurrentes
1156 3877 1298 3922 assensu
1316 3859 1405 3925 tales

715 3956 941 4032 'excellentiae
962 3963 1030 4019 tuee
1050 3957 1309 4037 procurabimus
1331 3958 1405 4022 des-

727 4054 851 4130 tinare,
862 4054 922 4134 qui
936 4053 1027 4136 apud
1042 4058 1077 4116 te
1093 4055 1128 4116 in
1146 4054 1302 4118 doctriua
1317 4075 1406 4119 sana

728 4157 763 4214 et
797 4150 1006 4215 salutaribus
1032 4152 1171 4214 monitis
1197 4152 1288 4215 vices
1321 4172 1404 4234 apo·

729 4250 860 4314 stolicae
876 4249 1093 4312 auctoritatis
1108 4249 1304 4332 suppleant,
1319 4270 1406 4334 quo·

728 4368 804 4412 rum
825 4349 929 4412 etiam
953 4367 1065 4412 mores
1085 4356 1119 4413 et
1138 4349 1261 4414 merita
1282 4352 1325 4415 ab
1343 4351 1405 4417 ho-

729 4456 864 4512 nestate
905 4455 941 4511 et
987 4448 1155 4512 munditia
1202 4449 1406 4514 eruditionis

729 4545 939 4629 evangelicae
955 4567 1020 4611 non
1038 4547 1243 4613 discordent.
1283 4549 1404 4627 Quan-
