3384 5625
634 784 835 834 uucrrouns
864 785 997 834 vuarn.
1327 772 1371 836 15

268 908 325 945 Ple.
364 906 417 943 Lm.

267 973 319 1045 30,
358 967 617 1053 nuditatum
665 971 702 1035 in
726 969 891 1054 Angliam
920 972 1070 1056 trajecit,
1100 973 1275 1039 utiliorem
1304 975 1370 1039 sibi

418 1116 471 1131 ...
492 1068 527 1131 iu
543 1089 619 1153 pos·
689 1090 765 1134 eam
782 1072 1030 1154 profectionem
1046 1073 1133 1140 fore.

418 1177 518 1231 teram

266 1330 317 1340 —
363 1296 415 1370 13,
433 1292 563 1378 paterni
668 1291 832 1374 paternis.

432 1391 570 1477 corporis

267 1552 318 1562 —
364 1518 415 1591 14,
432 1513 570 1579 mnibus
669 1514 838 1595 exequiis.

267 1677 319 1687 -
363 1636 415 1716 17,
432 1639 618 1703 minacem..
669 1655 738 1718 quo
774 1637 929 1720 ejusdem
968 1636 1174 1700 calumniam
1216 1656 1372 1719 compes·

435 1759 619 1823 ..cumpca
694 1744 798 1801 ceret.

432 1859 499 1902 cens

268 1999 320 2009 -
365 1963 416 2038 19,
436 1959 620 2045 dispertien—
669 1959 909 2042 dispergenda.

434 2060 478 2123 da

268 2220 320 2230 —
364 2186 417 2261 29,
431 2189 572 2266 quamtus
669 2178 706 2242 in
723 2198 839 2261 regem
857 2186 1031 2262 acceptus.

270 2344 321 2354 -
365 2309 417 2383 30,
451 2303 622 2389 ubicunque
670 2304 797 2386 ubique
819 2304 973 2367 locorum
996 2304 1156 2370 obtinuit.
1208 2304 1265 2370 Ad
1281 2306 1372 2389 quod

435 2452 467 2467 ..
486 2451 494 2465 .
512 2404 622 2466 .Laa·
692 2423 760 2466 non
781 2422 927 2485 parvum
948 2404 1190 2470 adminiculum
1206 2405 1372 2470 Lansrau·

426 2504 567 2587 francas
693 2521 753 2566 cus
768 2503 899 2567 attulit.

271 2629 326 2703 31,
388 2628 420 2703 1,
436 2648 493 2710 qao
673 2625 753 2690 Hoc
769 2627 888 2707 igitur.

270 2786 320 2797 -
387 2753 417 2828 4,
426 2746 623 2834 fauorabili·
672 2756 805 2832 pacate.

436 2859 482 2913 ter

270 3012 321 3021 —
386 2974 624 3037 -Veraatamea
672 2972 911 3037 Veruntamen
927 2981 1060 3056 postea.

272 3133 322 3142 —
386 3099 418 3172 9,
432 3095 467 3158 in
489 3094 624 3158 Christi-
673 3096 890 3162 Christianos
904 3099 1107 3164 invadentes
1123 3107 1168 3164 et.

411 3192 622 3276 aaoscfferati,

410 3316 479 3357 mou

272 3455 324 3464 -—
368 3420 419 3495 20,
443 3415 611 3480 Robertam
674 3420 829 3484 Roberto
845 3426 970 3500 nepote
986 3438 1050 3481 suo
1069 3466 1076 3482 .
1094 3465 1101 3480 .
1121 3419 1361 3484 .confirmat0.

424 3564 431 3578 .
444 3564 451 3579 .
463 3564 471 3579 .
484 3516 624 3596 confima-

423 3624 501 3679 meet

272 3775 323 3786 ..
368 3740 419 3814 22,
433 3738 585 3824 Acyllam
596 3786 623 3801 ..
672 3737 707 3798 in
724 3733 890 3817 Angliam
907 3736 1058 3799 venisset
1075 3738 1344 3823 accepissetque.

436 3885 444 3900 .
458 3885 466 3899 .
481 3837 597 3921 accepit

273 3996 324 4005 —
367 3961 419 4035 24,
438 3958 562 4043 disponi
575 3958 624 4023 ai·
674 3957 748 4040 geri
764 3957 917 4021 vidisset.

441 4057 523 4121 deret

273 4217 324 4227 -
369 4183 421 4256 25,
439 4181 538 4244 eodem
567 4228 623 4245 ...
674 4180 821 4242 insuam
846 4177 1052 4241 sententiam
1064 4176 1138 4260 jam
1158 4183 1338 4260 pertraxit.

441 4279 613 4344 monheri

274 4441 326 4451 -·
371 4400 496 4488 27,qu
513 4451 521 4467 ·
539 4452 547 4466 ·
675 4398 842 4483 siquidem
874 4418 952 4462 enm
976 4400 1167 4484 juvenilem
1192 4404 1373 4469 stultitiam

440 4503 597 4588 mitiqaret
700 4499 973 4564 ...refrenasse
