3384 5625
295 888 351 926 Plo.
385 892 437 929 ult.

296 951 350 1028 64,
394 955 425 1031 9,
443 958 587 1019 roncavit

294 1516 344 1525 -
388 1475 441 1550 12,
459 1494 540 1537 anno

297 1596 347 1671 65,
387 1599 440 1672 15,
458 1596 493 1660 in
506 1597 550 1659 eis

296 2733 348 2814 67,
391 2742 442 2818 10,
458 2742 603 2807 adhibens

670 768 872 819 euerrouus
895 771 1028 822 vinis.
1335 758 1401 824 225

692 953 785 1020 addit
802 956 928 1034 Paris,
946 959 1075 1023 Eodem
1101 979 1191 1024 anno
1216 978 1395 1024 conseera-

715 1060 772 1117 tus
788 1057 892 1120 estin
913 1058 1095 1140 Elyensem
1117 1061 1314 1142 episcopum
1332 1057 1355 1121 J
1358 1079 1395 1122 o-

716 1152 858 1230 hannes,
885 1158 993 1220 abbas
1022 1158 1066 1221 de
1096 1159 1277 1236 Fontibus,
1302 1159 1392 1241 apud

715 1252 1065 1321 westmonasterium
1092 1259 1128 1321 in
1156 1260 1306 1322 crastino
1333 1258 1393 1321 SS.

714 1345 901 1434 Perpetuae
916 1363 951 1420 et
965 1357 1167 1421 Felicitatis.
1181 1421 1185 1427 ,

692 1475 786 1539 addit
802 1476 929 1555 Paris,
948 1487 983 1543 et
1002 1480 1067 1544 die.

691 1598 785 1662 aeae
802 1599 929 1678 Paris,
945 1602 1098 1667 Sabbato
1118 1611 1234 1667 autem
1255 1604 1291 1666 in
1306 1586 1393 1683 ligi-

713 1697 761 1761 lia
782 1698 1011 1765 Pentecostes
1039 1704 1228 1784 incoeptum
1255 1709 1308 1766 est
1332 1722 1394 1765 no-

714 1817 796 1861 vum
820 1820 907 1882 opus
932 1802 1074 1883 capellae
1101 1804 1212 1865 beatae
1237 1801 1394 1882 Virginis

716 1898 807 1978 apud
818 1898 1179 1977 westmonasterium,
1201 1920 1281 1982 rege
1299 1902 1394 1964 Hen-

714 1998 786 2060 rico
805 1999 976 2064 existente
993 2001 1175 2066 fundatore
1196 2010 1231 2064 et
1248 2001 1393 2081 primum

715 2095 865 2178 lapidem
887 2101 999 2181 operis
1026 2102 1062 2164 in
1086 2101 1310 2163 fundamento
1336 2119 1394 2180 po

716 2204 827 2260 nente.

692 2320 785 2384 addit
822 2322 949 2401 Paris,
990 2326 1071 2389 Hoc
1107 2345 1196 2388 anno
1237 2324 1395 2388 obierunt

717 2419 892 2487 Henricus
923 2423 966 2487 de
997 2426 1109 2488 Boum
1139 2443 1252 2488 comes
1287 2424 1395 2487 Hert·
1465 2438 1468 2443 ·

715 2520 848 2599 lordiae,
888 2522 1014 2587 Saerus
1044 2524 1086 2586 de
1120 2522 1247 2601 Quinei
1280 2542 1394 2586 comes

715 2619 975 2685 wintoniensis.

693 2743 882 2826 applicans.

693 2876 837 2948 oetav03
860 2870 895 2934 Ο.

693 2990 912 3074 Pandulpho.

429 3163 439 3191 ,
560 3117 567 3131 ⁶
692 3114 784 3177 addit
810 3114 933 3192 Paris,
961 3122 996 3178 et
1019 3115 1193 3197 usquead
1216 3116 1394 3198 sanguinis

715 3214 913 3277 effusionem
932 3214 1178 3295 flagellassent.

582 3341 589 3353 '
693 3339 929 3404 refutationes

293 3602 344 3613 -
388 3563 439 3638 26,
456 3564 602 3629 Loelinus

294 3680 348 3759 72,
387 3687 439 3763 21,
458 3691 601 3752 concessis

293 3849 345 3860 —
389 3812 441 3888 25,
453 3813 643 3877 Per...ter-

461 3934 503 3973 rae
517 3923 629 3977 saneta

296 4228 347 4309 73,
388 4235 440 4310 28,
456 4242 484 4296 et
502 4281 510 4297 .
526 4279 535 4296 .
552 4279 560 4297 .
575 4254 643 4298 oon·

458 4334 623 4396 stituerrntt

294 4496 345 4509 —
390 4449 442 4533 34,
460 4478 606 4541 maginem

461 4565 557 4621 tenore

694 3564 903 3628 Ludovicus

693 3689 970 3752 concedentibus.

694 3814 792 3877 Inter
814 3814 877 3877 has
906 3811 1024 3874 mundi
1052 3809 1301 3889 volubilitates,
1332 3809 1394 3875 hos

716 3914 758 3976 de
791 3914 900 3976 Terra
927 3912 1055 3975 Sancta
1081 3930 1164 3974 aure
1189 3911 1309 3994 patula
1338 3930 1396 3973 ru·

716 4031 828 4074 mores
861 4030 883 4073 a
917 4010 982 4072 fide
1017 4009 1131 4090 dignis
1164 4009 1394 4073 occidentales

716 4110 919 4173 didicerunt.

695 4254 755 4316 per
770 4233 909 4316 aliquod
926 4240 1060 4314 tempus
1078 4251 1252 4312 magnum.

694 4455 852 4520 retinere.
