3384 5625
687 759 887 809 nncurouns
911 762 1045 813 vaura.
1351 756 1416 821 119

357 938 513 1100 ἓνοΐθοΙῐίο
542 947 653 1005 toturn
692 943 858 1007 mundum
890 945 956 1008 sibi
991 947 1027 1009 in
1059 948 1156 1013 brevi
1187 951 1412 1036 subjugaret3

383 1060 408 1101 e.
422 1047 451 1103 ol
500 1086 508 1103 .

303 1196 361 1231 ΡΑΘ.
398 1195 451 1231 un.

304 1274 356 1349 63,
396 1276 448 1351 20,
463 1275 634 1340 subsidione
703 1277 849 1341 subsidii
867 1280 1042 1362 ereptione
1057 1282 1265 1348 conferrent.

471 1378 655 1460 ...conferre

302 1538 353 1548 -
397 1493 451 1573 27,
468 1519 628 1585 amnipo-
702 1500 795 1565 addit
817 1501 942 1580 Paris,
963 1496 1111 1567 ¹Eadem
1138 1504 1224 1570 hora
1252 1506 1409 1572 Salaadi·

473 1607 526 1662 tur·
723 1621 789 1664 nus
820 1602 920 1682 quasi
951 1602 986 1664 in
1018 1603 1184 1667 ultionem
1205 1606 1313 1689 jussit
1340 1609 1407 1671 sibi

724 1700 895 1782 quendam
937 1700 1172 1766 Christianum
1218 1706 1406 1788 captivum,

723 1799 829 1880 longo
860 1818 997 1863 carcere
1027 1810 1250 1881 maceratum,
1281 1806 1406 1887 princi·

723 1917 801 1980 pern
818 1899 950 1963 scilicet
963 1901 1135 1982 quondam
1152 1900 1355 1980 Antiochiae,
1370 1906 1406 1968 in

723 1998 909 2079 propatulo
927 2001 1142 2081 praesentari.
1178 2001 1290 2079 Quem
1305 2011 1406 2069 torvo

723 2098 825 2161 oculo
852 2098 990 2162 intuens
1017 2099 1068 2163 sic
1092 2108 1146 2164 est
1170 2100 1307 2179 affatus,
1327 2104 1405 2168 ‘Sic

722 2204 758 2259 te
771 2196 873 2280 juvet
888 2198 997 2275 Deus,
1013 2199 1095 2280 quid
1111 2218 1233 2281 ageres
1249 2202 1279 2265 si
1297 2221 1353 2266 me
1365 2211 1406 2268 ut

723 2316 788 2377 ego
812 2303 847 2360 te
870 2299 1023 2361 vinctum
1044 2298 1187 2362 haberes
1197 2300 1224 2364 i’
1265 2300 1404 2365 Etcum

721 2396 899 2478 paulisper
923 2397 1144 2462 subticuisset
1166 2399 1314 2477 vinctus,
1340 2402 1405 2465 ite-

722 2515 798 2558 rum
822 2495 998 2580 adjuravit
1020 2497 1116 2560 illum
1141 2497 1347 2563 Salaadinus
1366 2509 1406 2565 ut

722 2594 905 2658 veritatem
937 2615 1006 2658 non
1042 2595 1252 2661 diffiteretur.
1305 2598 1405 2663 Tunc

720 2694 858 2757 vinctus
886 2694 1000 2776 palam
1024 2693 1060 2756 in
1092 2694 1183 2758 hunc
1211 2716 1402 2761 sermonem

718 2795 878 2877 prorupit
890 2793 1018 2871 dicens,
1029 2798 1040 2829 ‘
1051 2793 1141 2859 Ecce
1159 2796 1329 2861 sententia
1344 2816 1403 2862 ca-

720 2893 819 2976 pitali
847 2894 1029 2977 punireris,
1059 2894 1141 2978 quia
1162 2894 1313 2960 Domino
1339 2897 1402 2961 ini·

333 3152 341 3184 ¹
351 3153 444 3202 Eodem
455 3153 526 3202 loro.
534 3188 540 3202 .
547 3152 728 3216 .dubitocerit.]
741 3153 838 3201 Eadem
864 3167 926 3201 sona
933 3167 1009 3213 quarn
1019 3168 1067 3215 ego
1077 3157 1102 3202 te
1113 3153 1278 3216 decapitaret,
1289 3171 1336 3219 ego
1347 3157 1403 3217 ipse

294 3221 358 3272 hora
380 3223 550 3272 Salahadinus
569 3223 644 3284 quasi
668 3223 695 3270 in
717 3223 837 3270 ultionem
863 3227 888 3270 te
915 3222 1084 3271 decollarem.’
1126 3223 1296 3273 salahadinus
1324 3227 1404 3287 igitur

291 3293 372 3352 jussit
393 3293 442 3341 sibi
464 3293 590 3353 quendam
606 3293 744 3353 captivam,
762 3305 837 3352 quem
862 3291 1029 3352 ipsiusvincti
1036 3292 1351 3343 admiransanimositatem
1359 3297 1406 3359 ait,

295 3363 341 3409 diu
371 3362 398 3410 in
420 3363 529 3411 vinculis
556 3362 690 3411 artissimis
712 3366 837 3423 tenuerat,
862 3361 1139 3422 ‘Nunquamtetalem
1156 3362 1302 3412 habitururn
1318 3369 1403 3425 potes·

293 3432 433 3493 principem
455 3432 553 3482 scilicet
574 3432 725 3493 quandoque
747 3430 837 3479 Antio·
862 3434 949 3491 tatem,
964 3445 1006 3479 ore
1022 3435 1067 3479 tuo
1084 3434 1109 3479 te
1124 3430 1222 3493 judico,
1237 3438 1263 3480 et
1280 3438 1308 3481 tu
1330 3434 1398 3483 idern

294 3501 370 3562 ohiae,
384 3503 601 3564 sibipraesentari.
636 3502 742 3550 Intuens
757 3501 836 3562 igitur
862 3501 959 3549 subibis
973 3495 1117 3561 judicium.'
1153 3500 1305 3550 aruncius
1322 3505 1404 3562 prosi·

294 3572 380 3634 ipsum
389 3577 461 3621 torvo
476 3577 580 3633 aspectu
596 3572 642 3633 ait,
649 3573 657 3599 ‘
665 3573 708 3620 Sic
719 3576 744 3621 te
755 3586 836 3632 quan·
861 3571 945 3619 liendo
956 3570 1163 3631 appropinquans
1174 3571 1198 3619 ei
1210 3576 1236 3618 et
1246 3571 1337 3620 collum
1353 3587 1398 3622 ex·

295 3642 379 3702 doque
399 3642 503 3704 adjuvet
524 3647 550 3691 et
567 3643 659 3690 liberet
680 3642 754 3690 Deus
774 3647 835 3690 'tuus
861 3640 966 3689 tendens
981 3641 1099 3689 alacriter
1115 3640 1160 3701 ait,
1178 3639 1253 3689 ‘Hoc
1272 3644 1398 3703 estquod

297 3711 426 3772 Christus,
436 3712 499 3773 quid
510 3712 542 3760 de
554 3727 593 3761 me
604 3711 702 3761 faceres
713 3713 736 3761 si
747 3713 784 3761 sic
795 3727 835 3760 me
861 3711 907 3759 diu
918 3710 1070 3772 desideravi,
1086 3710 1149 3759 nihil
1164 3711 1275 3772 amplius
1291 3717 1404 3773 asporta·

296 3777 550 3831 vinctnmhaberest'
586 3783 689 3831 Etcum
702 3782 834 3844 paululum
861 3775 917 3830 bis?
959 3781 994 3828 Et
1017 3781 1097 3843 jussit
1125 3781 1295 3831 salahadinus
1317 3784 1401 3832 statim

296 3852 471 3900 substituisset
481 3852 590 3913 vinctus,
605 3853 698 3901 iterum
708 3852 836 3914 adjuravit
861 3850 974 3912 gladium
990 3865 1065 3899 suum
1082 3851 1130 3900 sibi
1142 3852 1217 3913 tradi,
1230 3857 1256 3901 et
1265 3853 1301 3902 ibi
1313 3854 1402 3902 eadem

297 3920 835 3983 eumSalahadinus,utveritatemnondif·
861 3921 922 3969 hora
940 3922 1025 3982 ipsum
1048 3921 1166 3970 manibus
1185 3936 1201 3969 a
1219 3926 1290 3985 tergo
1312 3923 1403 3973 vinctis

295 3991 416 4039 iteretur.
451 3991 488 4039 At
498 3991 554 4052 ipse
565 3992 649 4041 adhuc
660 4006 748 4054 parurn
759 3992 835 4040 haesi·
860 3990 1003 4039 decollavit.
1032 3990 1090 4038 Hoc
1101 3990 1166 4038 vidit
1175 3992 1295 4052 magister
1307 3991 1403 4042 Ranul·

295 4064 353 4110 tans
362 4060 484 4109 audacter
493 4061 520 4108 in
529 4060 595 4110 hunc
605 4075 741 4111 sermonem
750 4061 834 4122 palam
860 4061 927 4121 phus
938 4061 1046 4120 Besaee,
1056 4059 1179 4120 physicus
1191 4062 1258 4121 regis
1269 4060 1402 4123 Richardi,

295 4131 389 4191 erupit,
399 4130 472 4191 ‘Vis‚
482 4130 644 4192 Salahadine,
654 4136 684 4179 ut
694 4145 780 4179 verum
787 4131 835 4179 tibi
860 4130 905 4189 qui
916 4132 1005 4189 postea
1016 4129 1096 4177 sancti
1109 4128 1186 4175 Pauli
1197 4128 1345 4191 Londoniae,
1353 4133 1399 4191 qui

295 4199 397 4253 dicam?
434 4199 511 4250 Certe
522 4201 582 4260 quia
594 4201 777 4261 qualiscunque
789 4214 834 4247 rex
860 4201 920 4246 tunc
943 4201 1029 4245 custos
1051 4197 1119 4258 regis
1142 4198 1252 4257 corporis
1274 4198 1401 4248 exstiterit

296 4283 325 4317 es
339 4270 366 4316 in
379 4269 437 4331 lege
450 4274 496 4318 tna
508 4269 653 4319 detestabili
665 4269 766 4320 Christo
777 4268 834 4317 Deo
860 4268 922 4327 quia
933 4265 1074 4327 longaevus,
1085 4270 1187 4314 venerat
1200 4267 1266 4316 enim
1278 4266 1340 4315 illuc
1353 4271 1401 4319 sub

292 4339 493 4398 inimicissimus,
517 4343 596 4388 morte
620 4340 742 4402 punieris,
763 4339 834 4386 nullo
860 4341 936 4396 pacta
954 4350 1028 4397 pace.
1044 4340 1073 4384 ut
1088 4336 1202 4386 visitaret
1221 4337 1344 4398 quosdam
1364 4339 1402 4387 in-

291 4408 412 4457 thesauro
428 4409 504 4458 etiam
520 4409 654 4458 Octoviani
664 4408 835 4467 redimendus,
860 4407 943 4454 firmos
951 4407 1074 4467 captivos,
1080 4407 1156 4456 etiam
1164 4412 1252 4470 postea
1257 4408 1316 4471 plus
1324 4423 1401 4469 qnam

293 4478 339 4528 sed
355 4482 458 4541 propter
468 4480 632 4529 reverentiam
643 4485 712 4528 tuam
723 4479 833 4540 dignita-
860 4477 992 4538 sexaginta
998 4477 1071 4525 annis
1077 4477 1151 4538 vixit,
1157 4478 1203 4527 sed
1210 4478 1400 4543 secus[ca²cus]

292 4553 342 4598 tem
356 4543 422 4618 [tua
437 4549 581 4612 dignitatis]
594 4564 643 4598 non
660 4548 762 4598 inferior
776 4563 832 4609 per·
859 4561 905 4608 per
914 4547 1020 4596 multum
1031 4547 1150 4609 temporis
1158 4561 1167 4608 ;
1185 4549 1261 4597 caet
1271 4549 1304 4598 R.
