3384 5625
659 782 860 832 nncrrouns
883 781 1013 831 venre.
1326 764 1392 830 239

337 964 518 1027 millesimo
539 963 773 1029 ducentesimo
799 966 962 1031 vicesimo
985 966 1145 1050 septimo,
1169 964 1303 1048 plenius
1328 982 1391 1027 an-

340 1070 515 1127 notantur.

290 1187 363 1326 iisd,
380 1187 433 1325 dd,
445 1249 611 1333 promissi·
687 1249 1006 1332 pollicitationibus.

454 1347 560 1411 coibas

291 1469 365 1546 137,
404 1473 434 1548 l,
448 1473 617 1556 eescrrptue
687 1469 781 1534 exul.

288 1638 339 1649 ..
404 1602 434 1673 5,
450 1597 594 1661 Romam
686 1592 779 1656 addit
808 1592 935 1668 Paris,
966 1612 1034 1656 non
1069 1593 1142 1655 sine
1171 1594 1384 1677 interpositis

708 1693 918 1755 muneribus.

287 1855 338 1865 -
405 1819 433 1897 7,
448 1821 617 1885 Falsasius
688 1816 781 1879 Dum
799 1816 901 1879 enim.

453 1969 461 1985 .
478 1967 487 1985 .
504 1970 511 1983 .
527 1919 602 1983 drea

291 2036 364 2112 138,
403 2038 435 2113 1,
441 2037 564 2119 fuceret
686 2029 826 2106 faceret,
840 2048 917 2091 cum
932 2035 1047 2092 tamen
1064 2029 1151 2094 bene
1166 2037 1293 2113 posset.

288 2199 339 2210 -
405 2162 435 2235 4,
451 2159 604 2243 Lapidem
689 2153 832 2230 Iterum,
848 2171 926 2215 cum
943 2152 985 2215 de
1000 2159 1125 2233 stagno
1140 2172 1216 2231 suo,
1232 2156 1323 2237 quod
1342 2156 1385 2219 ad

455 2268 625 2323 ...morte
709 2271 873 2333 magnum
903 2251 1144 2316 detrimentum
1168 2261 1203 2317 et
1226 2254 1388 2318 damnum

451 2358 564 2422 maora
580 2367 638 2422 ter-
709 2352 830 2416 domus
857 2351 1036 2414 levaverat
1068 2353 1159 2434 apud
1190 2352 1388 2431 Luitonam,

454 2457 588 2521 miravit
708 2457 975 2532 conquereretur
993 2452 1110 2528 abbas,
1131 2472 1171 2517 eo
1189 2454 1279 2534 quod
1299 2473 1390 2536 aqua

709 2550 924 2632 superfluens
940 2556 1075 2630 segetes
1099 2551 1134 2613 in
1154 2553 1314 2633 proximo
1337 2554 1387 2614 in·

709 2656 824 2712 stante
851 2656 1016 2711 autumno
1044 2656 1135 2712 esset
1159 2651 1384 2727 absorbenda,

708 2746 887 2831 respondit
908 2748 1143 2829 iniquissimus
1167 2749 1273 2813 Falco
1299 2769 1388 2833 prae·

708 2849 917 2925 nominatus,
935 2848 1027 2929 quod
1041 2850 1204 2930 poenituit
1216 2868 1293 2913 eum
1315 2869 1384 2913 non

708 2955 931 3030 exspectasse
947 2948 1054 3012 donee
1071 2949 1182 3012 omnis
1198 2967 1336 3012 annona
1351 2949 1387 3012 in

708 3047 830 3112 horreo
860 3047 1098 3124 collocaretur,
1124 3055 1164 3113 ut
1190 3048 1386 3112 redundans

708 3147 801 3210 unda
826 3146 943 3210 omnia
964 3148 1243 3228 consumpsisset.
1285 3148 1387 3231 Lapi-

708 3244 786 3309 dem
807 3252 924 3308 autem
950 3264 1054 3326 super
1077 3253 1181 3327 caput
1209 3265 1308 3309 suum
1330 3247 1385 3310 de·

708 3344 871 3410 scendere
888 3345 1008 3420 sensit,
1028 3363 1105 3407 cum
1125 3345 1160 3406 in
1183 3345 1279 3408 brevi
1299 3351 1386 3408 tem·

707 3464 791 3528 pore
816 3443 979 3526 deinceps
1010 3442 1102 3524 apud
1132 3442 1384 3519 Bedefordiam,

708 3549 789 3627 post
804 3541 1064 3624 suspensionem
1086 3541 1231 3604 fratrum
1250 3548 1285 3604 et
1303 3543 1386 3605 ami-

708 3661 826 3708 corum
843 3659 995 3716 suorum,
1013 3641 1087 3724 ipse
1102 3640 1237 3704 demum
1255 3659 1387 3723 pauper

708 3743 850 3806 exilium
869 3741 985 3814 subiit,
1001 3746 1037 3804 et
1048 3759 1138 3805 nunc
1153 3739 1258 3805 vitam
1275 3747 1384 3804 morte

708 3843 833 3905 misera
843 3840 1050 3904 terminavit.
1085 3840 1229 3904 Utinam
1245 3841 1385 3904 nonad-

708 3939 775 4003 huc
799 3947 956 4004 conterat
977 3958 1056 4002 eum
1077 3939 1166 4020 lapis
1185 3940 1251 4002 iste
1277 3940 1313 4000 in
1333 3940 1386 4001 in-

708 4038 805 4101 serno
817 4039 1001 4120 plurimum
1013 4036 1237 4099 formidabilis
1249 4038 1256 4100 !
1290 4035 1386 4102 Obiit

707 4144 824 4200 autem
841 4154 975 4200 veneno
998 4134 1158 4210 infectae,
1182 4141 1217 4197 et
1235 4135 1385 4215 quodam

707 4236 802 4319 pisce
819 4235 1055 4316 ingurgitatus
1075 4231 1308 4296 efficacissime
1327 4253 1387 4298 ve-

708 4341 843 4398 nenato.
891 4332 994 4397 Unde
1011 4339 1090 4414 post
1106 4352 1241 4397 coenam
1255 4333 1385 4396 cubans

708 4434 870 4498 inventus
908 4438 962 4495 est
996 4439 1164 4506 mortum,
1203 4432 1312 4514 niger,
1351 4441 1386 4496 et

707 4532 846 4610 foetens,
869 4531 1069 4608 incestatas,
1101 4538 1137 4596 et
1163 4532 1238 4596 sine
1258 4532 1386 4597 viatico
