3384 5625
718 782 919 831 ascalonus
943 783 1077 833 VARlAE·

431 1082 480 1144 De
493 1080 600 1145 diuino
614 1082 710 1164 officio
726 1090 755 1146 ot
763 1082 896 1166 jejunae
913 1091 941 1145 at
958 1081 1102 1167 quomodo
1116 1082 1163 1145 iro
1176 1078 1371 1165 demuntpor

822 1182 983 1246 mundun.

405 1327 553 1391 ‘Clerici
574 1328 704 1392 iaciant
727 1329 881 1394 divinum
907 1327 1055 1394 officium
1081 1327 1269 1393 secundum
1295 1325 1453 1391 ordinem

353 1435 484 1492 sanctae
516 1428 685 1493 Romanae
715 1429 882 1505 ecclesiae,
916 1436 1062 1510 excepto
1096 1428 1273 1509 psalterio,
1305 1445 1351 1492 ex
1384 1444 1455 1508 quo

355 1528 507 1609 poterint
537 1527 662 1591 habere
691 1528 875 1594 breviaria.
938 1528 1035 1592 Laici
1067 1545 1150 1593 vero
1180 1526 1298 1590 dicant
1327 1525 1456 1607 viginti

320 1682 323 1687 .
356 1634 505 1708 quatuor
522 1626 629 1690 Pater
648 1635 766 1691 noster
788 1648 851 1710 pro
867 1627 1066 1706 matutinis;
1095 1646 1157 1707 pro
1174 1625 1335 1690 laudibus
1352 1624 1454 1706 quin-

358 1745 440 1808 que;
467 1744 529 1808 pro
549 1725 671 1807 prima,
687 1728 802 1803 tertia,
816 1735 930 1803 sexta,
941 1746 1045 1803 nona,
1060 1745 1123 1808 pro
1139 1723 1294 1808 qualibet
1307 1724 1455 1786 istarum

357 1832 511 1907 septem;
535 1845 598 1907 pro
622 1827 774 1908 vesperis
792 1834 908 1890 autem
925 1825 1104 1890 duodecim
1122 1845 1130 1904 ;
1154 1843 1216 1906 pro
1230 1821 1454 1905 completorio

358 1931 512 2005 septem3
547 1932 582 1988 et
612 1936 711 1989 orent
738 1945 801 2008 pro
830 1924 1011 1988 defunctis.
1064 1924 1111 1988 Et
1131 1923 1292 2007 jejunent
1321 1940 1343 1984 a
1366 1919 1456 1984 festo

359 2024 520 2088 Omnium
560 2023 764 2088 Sanctorum
804 2043 914 2107 usque
955 2023 999 2086 ad
1041 2024 1260 2087 nativitatem
1299 2020 1454 2084 Domini.

358 2122 522 2186 Sanctam
555 2143 637 2188 vero
671 2124 994 2206 Quadragesimam,
1028 2142 1106 2205 quae
1140 2121 1262 2204 incipit
1295 2121 1338 2184 ab
1372 2119 1456 2202 Epi-

358 2222 487 2305 phania
509 2242 620 2305 usque
642 2224 676 2286 in
700 2225 883 2288 continuos
906 2223 1137 2305 quadraginta
1162 2221 1248 2299 dies,
1266 2239 1369 2302 quam
1383 2218 1458 2282 Do-

359 2323 474 2385 minus
488 2341 551 2384 suo
568 2330 689 2386 sancto
700 2322 835 2405 jejunio
853 2322 1082 2398 consecravit,
1094 2322 1153 2404 qui
1167 2320 1362 2388 voluntarie
1379 2338 1455 2382 eam

354 2421 527 2504 jejunant,
553 2421 723 2485 benedicti
748 2422 818 2485 sint
835 2442 857 2485 a
879 2423 1041 2498 Domino,
1059 2429 1095 2485 et
1110 2422 1170 2504 qui
1185 2419 1371 2495 noluerint,
1388 2438 1458 2482 non

360 2522 430 2584 sint
447 2520 600 2600 astricti3
624 2521 684 2584 sed
703 2520 818 2597 aliam,
835 2541 945 2604 usque
962 2522 1095 2586 scilicet
1113 2521 1156 2586 ad
1174 2517 1459 2584 resurrectionem

360 2619 514 2695 Domini,
543 2620 713 2703 jejunent.
748 2610 856 2684 'Aliis
887 2628 1003 2685 autem
1029 2621 1240 2703 temporibus
1270 2637 1339 2682 non
1363 2624 1458 2681 tene·

360 2726 473 2794 antur,
497 2719 565 2782 nisi
583 2728 685 2785 sexta
704 2719 803 2797 feria,
823 2721 994 2804 jejunare.
1045 2720 1216 2801 Tempore
1241 2737 1323 2783 vero
1350 2717 1460 2780 mani-

359 2819 458 2884 festae
476 2821 692 2884 necessitatis
710 2841 778 2884 non
792 2829 975 2885 teneantur
991 2822 1115 2885 fratres
1125 2819 1260 2903 jejunio
1276 2816 1459 2900 corporali.

361 2917 514 2982 Consule
523 2938 618 2994 vero,
629 2938 763 2995 moneo,
781 2927 816 2983 et
831 2919 996 2982 exhortor
1009 2919 1133 2983 fratres
1148 2937 1242 2982 meos
1259 2919 1295 2981 in
1308 2915 1459 2981 Domino

360 3017 383 3080 J
386 3037 448 3080 esu
474 3016 626 3094 Christo,
648 3026 688 3081 ut
707 3017 844 3100 quando
870 3018 1003 3084 vadunt
1027 3038 1088 3100 per
1107 3018 1272 3081 mundum
1292 3036 1363 3080 non
1388 3015 1459 3081 liti·

360 3122 456 3196 gent,
480 3135 591 3197 neque
620 3116 831 3181 contendant
846 3117 972 3194 verbis,
994 3137 1058 3180 nec
1081 3118 1167 3181 alios
1191 3116 1371 3200 judicent3
1397 3115 1460 3179 sed

360 3216 432 3278 sint
457 3215 570 3292 mites,
603 3215 750 3297 pacifici,
781 3224 817 3280 et
847 3218 1006 3293 modesti,
1038 3216 1208 3280 mansueti
1237 3224 1273 3280 et
1301 3213 1460 3292 humiles,

359 3314 503 3378 honeste
518 3314 696 3396 loquentes
714 3317 883 3393 omnibus,
899 3317 989 3380 sicut
1006 3317 1116 3379 decet.
1168 3316 1215 3379 Et
1228 3335 1297 3378 non
1311 3314 1461 3379 debeant

360 3415 527 3496 equitare,
541 3413 607 3476 nisi
622 3414 805 3479 manifesta
821 3417 1026 3480 necessitate
1041 3414 1097 3479 vel
1113 3414 1312 3478 infirmitate
1330 3432 1461 3495 cogan-

360 3526 429 3576 tur.
494 3512 538 3575 Iu
567 3533 807 3596 quamcunque
833 3516 972 3578 domum
994 3515 1211 3591 intraverint,
1235 3513 1383 3596 primum
1408 3511 1461 3575 di·

362 3619 443 3675 cant
469 3611 573 3674 ‘Pax
596 3613 675 3676 huic
697 3613 844 3677 domuil'
879 3622 926 3690 et,
949 3613 1137 3677 secundum
1165 3612 1395 3694 evangelium,
1418 3611 1461 3675 de

360 3710 516 3773 omnibus
533 3711 618 3773 cibis
635 3712 695 3791 qui
710 3721 932 3793 apponuntur
947 3713 997 3775 eis
1014 3713 1118 3777 liceat
1135 3712 1356 3777 manducare.
1455 3774 1460 3800 ί

625 3889 758 3954 Fratres
771 3913 831 3954 aon
849 3893 1003 3975 ceodrium
1013 3895 1191 3977 pecuniam.

413 4036 610 4118 ‘Praecipio
624 4037 767 4102 firmiter
787 4038 952 4104 iratribus
976 4043 1155 4117 universis,
1185 4049 1222 4105 ut
1240 4042 1336 4106 nullo
1361 4043 1466 4106 modo

362 4137 522 4201 denarios
537 4137 592 4201 vel
606 4137 787 4219 pecuniam
805 4139 958 4222 aliquam
981 4141 1150 4222 recipiant
1170 4160 1232 4223 per
1254 4160 1304 4217 se,
1321 4142 1378 4206 vel
1403 4161 1466 4225 per

362 4236 600 4319 interpositam
629 4255 822 4317 personam.
875 4238 1008 4302 Tamen
1036 4259 1099 4321 pro
1126 4240 1389 4305 necessitatibus
1413 4242 1468 4304 iu-

363 4336 550 4411 firmorum,
575 4343 611 4399 et
636 4335 713 4398 aliis
739 4335 902 4401 fratribus
924 4337 1118 4413 induendis,
1147 4358 1209 4420 per
1231 4339 1361 4403 amicos
1384 4359 1465 4423 spe·

364 4432 470 4495 ciales
496 4433 645 4495 ministri
670 4441 805 4522 tantum
829 4444 865 4499 et
886 4437 1048 4500 custodes
1065 4436 1248 4501 sollicitam
1272 4457 1389 4503 curam
1407 4459 1468 4523 ge·

366 4539 457 4608 rant,
487 4531 674 4595 secundum
705 4533 782 4597 loca
810 4543 845 4598 et
877 4544 1033 4618 tempora
1059 4544 1093 4600 et
1120 4536 1265 4618 frigidas
1295 4538 1467 4621 regiones,
