3384 5625
667 750 869 800 merlonus
892 752 1026 803 VARlAE.

295 867 368 1009 iii,
383 869 440 1007 ᾖ,
448 933 642 1096 {Zum-
691 956 781 1001 nnus
797 957 929 1002 eornm.

294 1197 344 1207 -
389 1154 440 1233 27,
454 1177 544 1220 neam
560 1204 568 1220 .
584 1202 593 1218 .
608 1205 616 1221 .
634 1204 642 1219 .
691 1156 793 1222 ditati
807 1178 849 1223 ac
866 1160 1066 1227 laetabundi.

460 1265 645 1321 recesscmnt

293 1424 344 1435 --
387 1386 441 1461 29,
463 1391 646 1448 recesserunt
691 1380 785 1445 addit
817 1381 942 1462 Paris,
974 1384 1138 1451 Similiter
1165 1386 1201 1449 in
1237 1385 1394 1468 partibus

712 1479 929 1546 Alemanniae
982 1484 1068 1548 fines
1116 1485 1394 1566 contingentibus

714 1579 895 1645 haereticos
936 1584 1104 1665 quosdam
1148 1584 1395 1666 multiplicatos

714 1680 884 1743 consimili
907 1682 1043 1746 miseria
1058 1683 1206 1748 involvit
1222 1683 1394 1747 Dominus

715 1779 945 1862 omnipotens
969 1788 1006 1844 ut
1024 1781 1134 1854 fidelis
1150 1801 1240 1845 unus
1257 1782 1395 1865 fugaret

714 1877 819 1955 mille,
848 1887 884 1942 et
905 1879 973 1943 duo
1000 1881 1117 1945 decem
1146 1881 1256 1945 millia
1279 1900 1396 1963 perse-

716 1984 922 2059 querentnr3
947 1980 1115 2044 conclusit
1132 1981 1222 2044 enirn
1244 1999 1303 2045 eos
1322 1980 1396 2044 Do-

716 2076 829 2139 minus
851 2078 888 2139 in
911 2079 1060 2159 quodam
1085 2080 1161 2144 loco
1180 2080 1338 2163 palustri,
1360 2079 1396 2141 in

715 2193 785 2257 quo
800 2175 971 2257 refugium
987 2186 1226 2261 speraverunt,
1242 2179 1329 2242 meri
1348 2196 1395 2241 ex

716 2280 815 2354 parte
841 2276 953 2340 altera
972 2279 1145 2342 existente
1168 2278 1236 2341 illis
1256 2298 1320 2360 pro
1339 2297 1394 2341 re·

716 2373 859 2453 pagum,
884 2374 920 2437 in
946 2395 1015 2459 quo
1040 2384 1239 2460 peremptus
1265 2384 1319 2442 est
1344 2376 1394 2439 in-

716 2469 868 2536 fidelium
889 2474 1128 2540 haereticorum
1149 2496 1171 2540 a
1188 2475 1395 2540 Christianis

716 2589 881 2635 numerus
901 2573 1068 2639 infinitus.
1120 2575 1201 2640 Hoc
1225 2594 1315 2638 anno
1335 2574 1395 2637 fir·

717 2675 820 2732 matae
851 2678 934 2735 sunt
952 2678 1085 2755 treugae
1109 2674 1331 2755 interregem
1359 2679 1394 2736 et

716 2768 876 2833 comitem
900 2768 1113 2838 Richardum
1140 2771 1394 2838 Marescallum.

295 2930 347 2942 -
390 2898 442 2973 32,
459 2895 623 2982 Hispalim
694 2889 835 2954 remotis
851 2891 1019 2973 partibus.

296 3021 371 3097 295,
409 3023 439 3099 5,
455 3020 509 3086 ille
694 3018 753 3084 ille
769 3022 1051 3103 praenominatus.

295 3178 348 3190 —
413 3141 648 3223 imcoemmuei
695 3163 828 3208 necnon
859 3146 1052 3227 quosdam,
1066 3147 1125 3230 qui
1154 3147 1228 3229 regi
1253 3167 1395 3230 sugges-

457 3245 647 3330 canimus
717 3251 836 3307 serunt
864 3244 1115 3327 exasperando,
1140 3247 1320 3329 episcopos
1346 3247 1395 3311 fo·

460 3344 648 3426 cifieatuscet
718 3349 838 3406 ventes
898 3350 1014 3425 partes
1065 3343 1264 3407 Marescalli
1307 3345 1396 3409 velle

717 3440 821 3504 alium
839 3460 956 3522 regem
977 3460 1105 3518 creare,
1126 3450 1317 3506 commotus
1341 3451 1395 3508 est

717 3539 948 3617 vehementer,
963 3541 1113 3604 maxime
1133 3541 1298 3605 adversus
1321 3540 1395 3606 Ro-

717 3659 836 3720 gerum
847 3637 1053 3714 deCantelu,
1064 3638 1234 3720 legistam,
1245 3659 1395 3722 arguens

717 3758 794 3802 eum
819 3739 959 3803 sceleris
981 3738 1128 3821 paterni,
1150 3738 1280 3816 dicens,
1302 3739 1394 3822 qnod

715 3837 894 3920 patrissui
913 3837 1097 3920 proditoris
1112 3844 1147 3901 et
1157 3839 1315 3921 suspensi
1331 3859 1395 3921 pro

716 3936 834 3999 eadem
863 3938 1057 4019 proditione
1079 3956 1226 4018 sequens
1249 3939 1396 4018 vestigia

716 4034 928 4115 patrissavit.
957 4035 1280 4099 Excommunicavit
1290 4036 1398 4116 igitur

716 4131 943 4196 incontinenti
954 4133 1140 4213 omnesqui
1152 4140 1395 4215 contraregem

717 4231 936 4313 iniquitatem
947 4231 1145 4314 hujusmodi
1155 4232 1293 4295 sceleris
1305 4234 1396 4314 cogi·

718 4333 851 4408 tabant,
864 4329 920 4395 vel
934 4351 1038 4414 super
1048 4330 1239 4414 episcopos,
1253 4332 1312 4415 qni
1326 4353 1397 4397 om-

719 4431 801 4493 nino
816 4428 859 4493 de
873 4431 986 4495 salute
1003 4437 1038 4494 et
1053 4431 1182 4495 honore
1196 4431 1288 4513 regis
1304 4431 1399 4495 solli·

718 4528 928 4608 citabantur,
950 4528 1121 4595 malitiose
1144 4530 1228 4596 talia
1244 4531 1396 4615 impone·

1250 4638 1265 4673 n
1277 4629 1293 4675 2
