3384 5625
292 775 358 838 204
664 782 864 832 uncrronns
888 782 1020 830 vnnru.

305 916 362 952 PAO.
385 915 438 951 uls.

294 978 368 1053 369,
407 976 439 1051 6,
457 974 645 1039 irredimus
691 969 787 1033 addit
811 967 936 1043 Paris,
962 974 997 1029 et
1019 973 1140 1048 postea
1166 964 1201 1026 in
1228 962 1338 1039 brevi,
1362 962 1397 1025 id

714 1074 769 1132 est
796 1068 929 1131 decimo
953 1072 1078 1129 octavo
1104 1062 1270 1128 kalendas
1296 1061 1321 1125 J
1324 1062 1398 1137 ulii,

716 1187 755 1231 se
781 1165 825 1229 ad
859 1165 1022 1229 ulteriora
1053 1171 1154 1228 terrae
1188 1161 1399 1226 transferens

715 1274 823 1330 totam
853 1264 1152 1347 circumjacentem
1184 1260 1398 1343 provinciam
1447 1271 1457 1277 ·

715 1365 789 1428 sine
816 1363 1017 1429 difficultate
1040 1363 1104 1426 sibi
1130 1361 1295 1425 continuo
1316 1360 1399 1422 sub-

711 1463 862 1548 jugavit,

295 1597 369 1675 371,
411 1602 440 1675 l,
456 1595 577 1661 castello
691 1587 835 1652 castello
853 1586 1006 1651 civitatis
1023 1592 1058 1649 et
1073 1590 1189 1648 castro
1205 1580 1370 1665 episcopi.

293 1766 344 1776 -
411 1726 440 1797 5,
458 1743 488 1784 se
513 1721 611 1804 confe-
693 1712 846 1775 veniens.

462 1842 532 1884 rens

293 1987 344 1997 -
389 1948 440 2021 14,
451 1943 485 2007 in
494 1942 646 2007 obsidam
694 1934 900 2016 quindecim.

459 2051 522 2106 octo

295 2164 370 2247 372,
387 2170 441 2241 35,
456 2186 572 2249 semper
587 2164 644 2227 lra-
692 2173 813 2218 secure
830 2153 922 2217 enim
935 2171 1069 2235 semper
1083 2151 1277 2217 habuimus.

461 2264 580 2327 haimos

457 2384 540 2446 spem
597 2409 600 2414 ·

294 2484 634 2563 374‚10‚Armurwn
691 2475 784 2540 oddsit
810 2475 934 2550 Paris,
968 2474 1087 2558 Hujus
1119 2481 1234 2539 autem
1264 2476 1396 2557 negotii

714 2575 844 2640 veritas'
871 2575 952 2638 talis
974 2582 1047 2639 est:
1077 2574 1215 2639 Revera
1236 2594 1306 2639 non
1328 2575 1396 2639 fuit

714 2696 777 2739 rex
794 2676 817 2739 J
820 2675 972 2739 ohannes
991 2673 1087 2757 juste
1106 2673 1160 2737 vel
1179 2675 1246 2738 rite
1263 2673 1397 2757 abjudi-

714 2782 813 2839 catus
830 2794 852 2839 a
868 2772 1103 2852 Normannia3
1126 2774 1209 2855 quia
1225 2771 1316 2837 idem
1332 2792 1396 2837 rex
1465 2816 1470 2826 ·

715 2894 784 2937 non
795 2873 1076 2957 judicialitersed
1089 2873 1257 2937 violenter
1269 2873 1397 2955 spolia-

714 2979 772 3035 tus
791 2973 886 3034 misit
898 2977 1039 3053 propter
1053 2972 1303 3036 restitutionem
1321 2972 1396 3052 regi

716 3070 929 3134 Francorum
945 3069 1107 3154 Philippo
1121 3072 1261 3134 nuntios
1274 3071 1396 3135 solem-

714 3190 775 3233 nes
798 3176 832 3233 et
852 3162 1047 3251 prudentes,
1067 3170 1239 3247 videlicet,
1268 3171 1395 3251 Eusta-

714 3269 840 3346 chium,
850 3270 1049 3351 episcopum
1060 3269 1256 3352 Elyensem,
1266 3278 1302 3332 et
1314 3268 1393 3332 Hn-

714 3370 847 3432 bertum
865 3369 907 3432 de
930 3368 1061 3449 Burgo,
1079 3369 1172 3432 viros
1193 3367 1340 3437 disertos
1361 3377 1397 3433 et

713 3468 892 3544 facundos
908 3467 1106 3548 significans
1121 3466 1153 3529 ei
1171 3466 1264 3547 quod
1286 3468 1396 3531 liben-

714 3574 768 3630 ter
782 3567 916 3629 veuiret
934 3567 976 3629 ad
994 3565 1123 3628 curiam
1138 3585 1235 3628 suam
1245 3565 1320 3649 juri
1334 3586 1396 3648 per

715 3665 831 3729 omnia
851 3683 954 3745 super
970 3664 1032 3727 illa
1051 3665 1264 3746 repariturus
1286 3684 1327 3728 ac
1345 3683 1396 3728 re-

714 3781 917 3844 sponsurus,
946 3763 1006 3825 sed
1036 3769 1076 3826 ut
1099 3763 1339 3845 provideretur
1364 3764 1396 3826 ei

715 3860 832 3924 salvus
846 3861 1048 3924 conductus
1086 3863 1132 3925 Et
1143 3862 1320 3945 respondit
1333 3883 1395 3926 rex

715 3959 911 4041 Philippus
926 3961 985 4024 sed
1004 3981 1072 4025 nou
1085 3982 1205 4026 sereno
1223 3963 1322 4025 vultu
1339 3962 1395 4025 vel

714 4059 829 4135 corde,
847 4059 1041 4123 ‘Libenter
1096 4060 1139 4123 In
1162 4080 1248 4143 pace
1276 4061 1395 4125 salvus

713 4158 854 4222 veniat.⁸
899 4160 944 4223 Et
955 4159 1170 4242 episcopus,‘
1183 4160 1345 4237 Domine,
1360 4167 1396 4224 et

713 4259 831 4322 redeat
842 4259 869 4321 t’
896 4276 898 4280 ⁴
913 4259 960 4321 Et
972 4278 1046 4334 ren,
1060 4265 1068 4293 ‘
1080 4259 1139 4322 Ita
1152 4261 1209 4336 sit,
1219 4261 1249 4323 si
1260 4260 1395 4341 parium

713 4376 854 4419 suorum
885 4358 1054 4441 judicium
1089 4358 1153 4422 hoc
1191 4359 1393 4441 permittat?

714 4457 853 4521 Etcum
872 4457 1124 4541 supplicassent
1143 4478 1261 4523 omnes
1284 4459 1397 4523 nuntii
