3384 5625
671 798 873 847 nacrrorvas
897 799 1030 848 viarm.
1359 785 1402 849 81

296 968 433 1046 homine
455 983 650 1059 moriretur,
674 1002 738 1065 pro
755 982 894 1046 homine
918 983 1058 1066 captivo
1084 984 1250 1047 tributum
1278 986 1399 1049 mortis

296 1089 462 1164 tanquam
480 1082 582 1146 homo
600 1083 807 1159 exsolveret,
825 1102 972 1165 eumque
987 1089 1152 1164 tanquam
1171 1084 1267 1147 Deus
1282 1085 1400 1148 caeles·
1426 1115 1429 1120 ·

297 1182 343 1245 tis
356 1188 529 1263 potestate
542 1183 736 1247 redimeret.
779 1182 898 1266 Hujus
916 1182 1102 1246 adventum
1120 1182 1399 1249 desideraverant

297 1281 513 1363 patriarchae,
529 1281 776 1363 praedixerunt
800 1282 991 1365 prophetae,
1017 1289 1122 1365 atque
1149 1282 1242 1346 illius
1263 1283 1398 1347 dilatio-

298 1400 376 1443 nem
409 1381 629 1464 impatienter
662 1382 871 1445 sustinentes
901 1381 1041 1464 querela
1074 1384 1276 1446 continuata
1308 1383 1399 1447 dice-

296 1480 395 1557 bant,
421 1480 594 1558 ‘Quando
623 1482 761 1546 veniet?
795 1481 935 1563 quando
966 1481 1180 1545 videbimusl
1234 1483 1301 1559 Da,
1325 1484 1399 1546 Do-

296 1579 400 1658 mine,
437 1579 626 1644 mercedem
670 1581 919 1645 sustinentibus
963 1588 1010 1657 te,
1048 1590 1088 1645 ut
1130 1582 1307 1664 prophetae
1347 1585 1398 1646 tui

296 1678 414 1743 fideles
448 1680 692 1743 inveniantur.’
751 1679 945 1756 ‘Utinam'
972 1679 1055 1743 dicit
1082 1680 1217 1756 Esaias,
1246 1682 1397 1744 ‘dirum-

296 1798 396 1861 peres
427 1780 531 1843 caelos
562 1787 597 1844 et
624 1779 781 1844 venires?
834 1779 879 1842 Et
905 1779 1032 1856 David,
1060 1780 1243 1857 ‘Domine
1274 1781 1399 1845 inclina

295 1878 399 1943 caelos
422 1886 457 1943 et
487 1879 679 1943 descende'
730 1879 797 1942 Sed
823 1888 858 1942 et
884 1885 971 1941 teste
990 1879 1106 1956 Esaia,
1126 1879 1279 1960 ‘Angeli
1302 1882 1397 1962 pacis

294 1998 358 2060 pro
376 1978 539 2043 dilatione
562 1987 691 2043 nostrae
714 1977 838 2042 salutis
862 1997 977 2042 amare
1000 1979 1151 2043 flebant!
1203 1978 1299 2041 Idem
1316 1999 1397 2045 vero

296 2077 420 2141 Esaias
449 2079 492 2141 de
527 2078 655 2143 Christi
690 2079 875 2142 nativitate
907 2078 1122 2141 manifestius
1158 2078 1301 2161 loquens
1335 2080 1395 2152 ait,

296 2177 408 2241 ‘Ecce
440 2178 540 2259 virgo
573 2178 742 2260 concipiet
774 2185 809 2241 θῖ
837 2179 950 2259 pariet
984 2178 1122 2255 Filium,
1153 2184 1188 2241 et
1219 2179 1399 2243 vocabitur

296 2295 420 2341 nomen
456 2278 531 2361 ejus
562 2276 754 2341 Emanuel.’
815 2275 901 2341 Cum
937 2285 1051 2341 autom
1084 2278 1200 2341 Maria
1221 2278 1263 2341 de
1296 2277 1398 2342 Jesse

295 2375 461 2457 originem
479 2378 634 2453 traxerit,
651 2376 741 2440 idem
765 2377 935 2460 propheta
961 2378 1178 2441 nativitatem
1205 2378 1342 2455 Mariae,
1363 2387 1398 2444 et

296 2495 357 2557 per
387 2476 536 2540 Mariam
567 2476 709 2553 Christi,
736 2486 840 2559 atque
872 2476 1120 2559 plenitudinem
1145 2478 1268 2558 gratiae
1298 2480 1397 2559 spiri-

296 2576 401 2639 tualis
419 2576 455 2639 in
473 2575 611 2641 Christo
634 2577 815 2641 manifeste
837 2576 991 2641 declarat
1013 2577 1141 2653 dicens,
1168 2576 1398 2657 ‘Egredietur

296 2676 395 2758 virga
419 2676 462 2740 de
479 2676 594 2740 radice
611 2675 635 2739 J
638 2696 725 2753 esse,
741 2686 776 2740 et
792 2677 855 2739 flos
879 2676 921 2739 de
948 2676 1062 2739 radice
1079 2676 1154 2759 ejus
1171 2676 1345 2753 ascendet,
1363 2685 1398 2741 et

296 2775 479 2858 requiescit
496 2795 694 2859 supereum
717 2776 859 2859 spiritus
878 2776 1028 2853 Domini,
1053 2776 1194 2858 spiritus
1217 2776 1396 2858 sapientiae

296 2882 331 2939 et
360 2876 569 2954 intellectae,
604 2876 746 2958 spiritus
779 2877 914 2940 consilii
940 2882 975 2940 et
1004 2876 1227 2952 fortitudinis,
1256 2877 1397 2959 spiritus

295 2975 448 3039 scientiae
469 2984 506 3040 et
521 2977 654 3041 timoris
679 2977 831 3054 Domini,
847 2984 882 3040 et
900 2976 1046 3059 replevit
1063 2996 1140 3040 eum
1155 2976 1279 3059 spiritu
1297 2978 1396 3041 timo-

294 3075 342 3137 ris
371 3075 534 3139 Domini.’
587 3075 702 3140 Natus
729 3083 783 3139 est
809 3077 927 3159 itaque
961 3076 1071 3140 Filius
1099 3076 1165 3139 Dei
1192 3076 1234 3139 de
1263 3077 1397 3157 virgine

294 3174 506 3257 incorrupta,
531 3176 621 3239 sicut
643 3176 834 3258 plasmatus
857 3184 910 3240 θεῖ
935 3177 1065 3259 primus
1094 3175 1208 3239 Adam
1235 3175 1278 3238 de
1304 3184 1398 3240 terra

295 3273 428 3356 virgine
441 3283 476 3338 et
487 3275 666 3352 inviolata,
681 3275 813 3357 Spiritu
823 3274 952 3339 Sancto
963 3277 999 3339 in
1014 3295 1056 3339 ea
1067 3283 1244 3356 operante,
1255 3283 1396 3339 nostrae-

294 3392 361 3455 que
383 3374 507 3437 salutis
528 3375 703 3456 negotium
726 3373 947 3438 ineffabiliter
970 3382 1186 3457 procurante.
1237 3373 1396 3455 Abyssus

295 3473 386 3535 enim
408 3473 641 3538 inscrutabilis
658 3480 711 3538 est
727 3474 976 3537 incarnationis
995 3473 1186 3537 Dominicae
1202 3491 1397 3535 sacramen·

294 3578 389 3650 tum3
422 3573 570 3655 plurima
600 3581 714 3637 tamen
746 3573 898 3654 antiquis
930 3574 1086 3655 patribus
1118 3570 1326 3648 acciderunt,
1359 3574 1395 3636 in

295 3672 419 3753 quibus
442 3673 546 3757 hujus
569 3674 764 3737 nativitatis
791 3673 903 3754 figura
933 3672 1121 3755 praecessit.
1174 3670 1277 3749 Quod
1303 3672 1393 3736 enim

295 3772 405 3836 vellus
429 3772 603 3837 Gedeonis
631 3793 708 3837 rore
733 3772 863 3836 caelesti
888 3774 1094 3855 completum
1119 3779 1184 3848 est,
1208 3791 1285 3835 cum
1315 3791 1397 3835 area

294 3872 561 3955 circumquaque
595 3873 693 3936 arida
722 3881 926 3948 remaneret,
959 3893 1035 3936 rore
1070 3871 1218 3953 Spiritus
1249 3870 1396 3936 Sanctus

295 3970 496 4053 designatur
518 3971 553 4034 in
571 3973 714 4053 virgine,
740 3993 818 4054 quae
842 3973 885 4035 ad
909 3972 983 4035 haec
1006 3979 1146 4054 propter
1167 3971 1395 4034 humilitatem

294 4089 391 4134 suam
426 4072 621 4152 specialiter
655 4079 689 4135 et
720 4072 943 4152 singulariter
969 4090 990 4133 a
1022 4070 1172 4133 Domino
1194 4075 1247 4131 est
1275 4070 1397 4145 electa,

294 4171 349 4233 cui
371 4170 553 4253 psalmista
575 4169 763 4234 concordat
784 4171 914 4246 dicem,
929 4167 1139 4232 ‘Descendit
1162 4167 1252 4230 sicut
1280 4166 1399 4249 pluvia

294 4269 329 4331 in
346 4269 480 4334 vellus?
533 4269 636 4347 Quod
654 4269 769 4351 Moysi
795 4269 886 4349 ignis
912 4270 948 4332 in
972 4270 1058 4332 ruho
1081 4267 1253 4350 apparuit,
1272 4274 1307 4330 et
1329 4287 1397 4333 non

295 4374 348 4431 est
362 4371 469 4432 rubus
487 4369 568 4450 igne
586 4376 780 4451 corruptus,
798 4368 1007 4448 virginitatis
1030 4369 1211 4449 integritas
1228 4367 1263 4430 in
1282 4367 1399 4431 Maria

295 4467 560 4533 demonstratur.
602 4469 718 4547 Quod,
742 4468 850 4549 virgis
875 4467 1021 4532 aliarum
1046 4470 1198 4532 tribuum
1223 4487 1398 4533 remanen-

296 4569 388 4633 tibus
415 4569 529 4644 siccis,
555 4569 654 4650 virga
679 4568 808 4644 Aaron,
832 4568 874 4632 de
900 4569 1000 4653 cujus
1024 4569 1131 4650 stirpe
1148 4571 1246 4647 virgo
1276 4568 1399 4631 beatis·
1471 4602 1472 4605 =

1229 4683 1250 4726 c
