3384 5625
664 765 865 814 nncrrouus
888 766 1019 815 viarm.
1323 751 1390 817 227

341 948 629 1031 procurationem,
652 948 899 1026 visitationem,
924 956 960 1013 et
981 948 1210 1014 omnimodam
1228 949 1389 1033 jurisdic-

340 1048 489 1128 tionem;
518 1055 659 1132 propter
673 1068 752 1131 quae
770 1049 812 1113 ad
830 1068 957 1132 papam
973 1049 1039 1114 fuit
1056 1049 1279 1132 appellatum.

291 1188 347 1225 uto.
381 1188 434 1225 ult.

292 1246 343 1327 76,
406 1251 435 1326 2,
454 1249 617 1315 Banasa
690 1252 862 1316 Bavariae.

292 1368 345 1449 77,
383 1373 435 1446 26,
454 1372 639 1437 Olmstionae
689 1374 782 1440 addit
803 1374 929 1452 Paris,
950 1381 986 1439 et
1008 1394 1077 1439 non
1096 1373 1244 1457 segnitie
1264 1374 1390 1439 ibidem

712 1475 888 1558 pigritare.

291 1590 342 1671 79,
381 1595 433 1673 29,
459 1594 562 1660 Voleto
689 1599 781 1663 addit
804 1597 931 1674 Paris„
953 1597 1034 1662 Hoc
1057 1616 1150 1662 anno
1171 1597 1392 1680 comprehen-
1425 1591 1434 1607 ‘

711 1718 771 1762 sus
788 1697 855 1761 fuit
867 1698 1018 1780 quidam,
1039 1697 1159 1779 paucis
1174 1696 1293 1761 diebus
1309 1704 1390 1762 ante

713 1797 896 1862 concilium
919 1797 1129 1861 celebratum
1147 1794 1347 1860 Cantuariae
1368 1816 1390 1861 a

712 1896 881 1977 magistro
921 1895 1108 1978 Stephano,
1149 1893 1390 1959 cantuariensi

712 1995 982 2077 archiepiscopo,
1000 1994 1129 2058 habens
1143 1995 1179 2058 in
1195 2013 1338 2079 corpore
1356 2002 1391 2059 et

712 2095 885 2172 membris,
911 2094 1042 2158 scilicet
1067 2095 1103 2157 in
1131 2094 1252 2172 latere,
1282 2094 1389 2157 mani-

710 2196 789 2271 buS,
819 2193 1036 2276 etpedibus,
1062 2193 1215 2275 quinque
1248 2192 1391 2257 vulnera

713 2292 898 2371 Crucifixi3
923 2300 959 2356 et
969 2293 1004 2355 in
1017 2292 1109 2356 dicto
1127 2291 1270 2357 concilio
1287 2291 1390 2356 simul

711 2412 790 2457 curn
824 2412 878 2468 eo,
907 2393 1087 2474 utriusque
1114 2411 1232 2468 sexus,
1258 2391 1390 2456 scilicet

712 2491 1023 2575 hermaphroditus,
1066 2490 1219 2573 ejusdem
1266 2490 1390 2554 erroris

713 2611 783 2674 quo
803 2591 899 2673 prior
922 2591 1130 2665 obcaecatus,
1152 2588 1218 2652 suit
1233 2607 1309 2652 cnm
1326 2608 1391 2653 suo

712 2689 879 2771 complice
906 2694 1158 2771 praesentatus3
1193 2705 1390 2769 superque

713 2788 864 2854 convicti
884 2795 919 2853 et
934 2787 1070 2870 publice
1094 2786 1241 2851 confessi
1256 2784 1389 2871 judicio

712 2888 867 2954 ecclesiae
895 2888 1008 2971 puniti
1031 2886 1181 2951 fuerunt.
1227 2885 1391 2950 Similiter

712 2988 904 3070 etquidem
922 2992 1085 3070 apostata
1100 2985 1123 3049 J
1127 2986 1258 3063 udaeus,
1276 2985 1390 3050 factus

712 3107 757 3153 ex
774 3087 972 3152 Christiano
993 3084 1168 3161 diaconus,
1191 3085 1251 3166 qui
1271 3085 1391 3148 simili·

713 3193 766 3250 ter
789 3193 843 3250 est
864 3183 1078 3268 judicialiter
1108 3184 1260 3266 punitus,
1288 3203 1390 3266 quem

714 3285 821 3348 Falco
841 3283 961 3347 statim
976 3291 1151 3366 arreptum
1165 3282 1330 3364 suspendi
1344 3284 1390 3347 se-

712 3384 769 3448 cit.
810 3382 1009 3463 Eodemque
1026 3400 1116 3445 anno
1130 3381 1215 3446 obiit
1226 3381 1334 3462 Hugo
1348 3382 1391 3445 de

714 3481 867 3557 Nevilla,
889 3481 1005 3564 quiin
1028 3486 1104 3544 tota
1121 3479 1304 3562 juveutute
1327 3499 1391 3544 sua

713 3590 867 3663 ternpore
887 3579 979 3661 regis
1005 3577 1171 3642 Richardi
1196 3578 1238 3642 de
1260 3579 1391 3643 familia

714 3679 856 3764 speciali
887 3678 1040 3764 ejusdem
1072 3678 1164 3760 regis
1195 3678 1389 3744 exstiterat.

712 3780 809 3846 Inter
824 3785 952 3844 caetera
972 3796 1045 3841 suae
1067 3778 1253 3862 probitatis
1276 3785 1311 3843 et
1329 3799 1391 3843 au-

713 3878 821 3945 daciae
859 3878 1022 3960 insignia,
1056 3877 1091 3940 iu
1129 3876 1239 3942 Terra
1269 3885 1391 3944 sancta

713 3979 846 4043 leonem
868 3976 1051 4050 interfecit,
1075 3977 1135 4057 qui
1161 3977 1256 4058 prius
1280 3979 1390 4058 sagit·

712 4083 807 4140 tatus
833 4075 869 4137 in
899 4082 1038 4156 pectore
1065 4080 1101 4136 et
1125 4080 1248 4155 postea
1274 4074 1390 4155 gladio

712 4173 1012 4239 transverberatus
1042 4171 1195 4253 eliquato
1221 4174 1390 4255 sanguiue

712 4272 927 4355 exspiravit;
950 4271 1040 4335 unde
1058 4290 1190 4350 versus,

764 4397 880 4456 Viribus
894 4397 1029 4476 Hugonis
1042 4398 1117 4455 vires
1131 4398 1239 4475 periere
1252 4397 1351 4458 leonis.

714 4519 833 4602 Hujus
852 4537 976 4602 corpus
998 4519 1034 4581 in
1057 4516 1203 4582 ecclesia
1226 4518 1268 4582 de
1283 4519 1392 4584 Wan-

1241 4642 1257 4676 α
1273 4633 1289 4677 2
