3384 5625
672 788 874 837 userrouns
897 788 1031 838 vunnu.
1333 772 1399 838 219

344 990 463 1037 omnes
480 971 632 1055 episcopi
648 964 824 1053 quierant
837 990 914 1035 oum
933 971 1057 1035 militia
1073 977 1108 1034 et
1124 970 1267 1053 populo,
1289 971 1398 1034 sacris

344 1071 456 1136 induti
480 1073 646 1148 vestibus,
675 1090 753 1135 cum
779 1070 939 1135 crucibus
971 1078 1006 1133 et
1034 1070 1185 1149 vexillis,
1213 1077 1397 1134 cantantes

343 1171 532 1235 solenniter
548 1178 584 1235 et
600 1171 714 1235 Deum
732 1170 993 1234 collaudantes?

295 1312 351 1349 rto.
387 1311 439 1347 HN.

296 1375 349 1453 30,
390 1375 442 1449 29,
460 1372 615 1436 desiduo-
696 1371 790 1437 addit
816 1370 942 1450 Paris,
971 1392 1034 1455 pro
1065 1390 1194 1436 corona
1230 1372 1401 1449 Franciae,

391 1475 393 1478 ’
459 1470 533 1536 bunt
718 1490 822 1553 quam
849 1472 953 1536 etiam
978 1472 1051 1536 laesi
1070 1480 1105 1535 et
1122 1472 1203 1535 irati
1228 1494 1298 1538 non
1320 1491 1401 1556 pos-

718 1578 800 1635 sunt
815 1572 942 1638 odisse.

293 1736 344 1747 -
389 1698 440 1773 33,
459 1716 626 1767 recessuum
695 1715 869 1759 recessum
898 1715 939 1760 ac
961 1697 1180 1775 conductum,
1200 1718 1277 1762 cum
1299 1695 1401 1761 multi

455 1795 506 1859 riu
520 1805 621 1860 auten
718 1804 834 1861 tumen
846 1795 924 1860 huic
939 1797 1182 1861 misericordiae
1196 1805 1311 1861 essent
1325 1803 1399 1861 toto

720 1903 755 1959 et
782 1896 884 1959 avido
913 1897 1093 1960 conamine
1128 1898 1399 1962 contradictores

717 1994 914 2073 manifesti3
942 1996 996 2059 sin
1012 1998 1137 2065 minus.

295 2119 350 2194 31,
410 2119 439 2193 1,
453 2115 535 2200 quod
556 2115 647 2180 licuit
695 2118 814 2183 darunt.

459 2237 502 2278 aar

294 2380 345 2390 —
411 2340 443 2413 2,
459 2339 570 2403 inutile
696 2341 784 2406 daaat.

294 2505 345 2516 -
409 2466 442 2537 9,
460 2461 625 2526 Thumisiae
695 2464 788 2529 addit
805 2463 931 2540 Paris„
949 2465 985 2527 in
1000 2466 1151 2549 quadam
1164 2465 1287 2529 insula.

295 2629 346 2640 -
391 2589 442 2663 11,
458 2585 616 2651 comitibus
695 2588 814 2653 derum.

463 2707 502 2749 oc

294 2852 345 2862 -
389 2806 441 2886 27,
460 2809 647 2874 transmari·
697 2808 790 2874 addit
816 2808 939 2885 Paris„
963 2815 1097 2872 etcum
1120 2829 1182 2872 rex
1203 2807 1304 2887 soret,
1326 2809 1400 2892 ipse

458 2910 509 2974 nis
718 2910 754 2972 in
769 2929 856 2993 pace
872 2909 1069 2972 dimitteret.

296 3034 349 3108 32,
413 3036 443 3109 3,
459 3031 584 3098 buroam
696 3034 788 3098 addit
814 3033 941 3110 Paris„
969 3032 1045 3096 Nec
1070 3040 1316 3097 nocumentum
1342 3033 1399 3096 vel

718 3135 941 3216 opprobrium
977 3132 1185 3215 objiceretur
1220 3133 1300 3196 hine
1345 3132 1401 3197 vel

717 3233 797 3296 inde
831 3233 886 3295 his
915 3231 975 3313 qui
1005 3231 1085 3294 huic
1112 3232 1167 3296 vel
1195 3233 1254 3295 alii
1283 3231 1400 3296 adhae·

718 3332 856 3395 sissent.

296 3454 350 3527 33,
389 3453 442 3527 22,
458 3460 494 3515 ut
511 3450 646 3516 ...mad
697 3462 828 3518 metens
862 3451 954 3536 quod
983 3473 1052 3516 non
1075 3452 1269 3528 seminavit,
1295 3459 1334 3515 ut
1355 3471 1400 3515 ex

460 3552 500 3615 tia
719 3554 850 3618 multis,

298 3677 352 3752 34,
390 3676 442 3752 16,
457 3673 597 3757 infideles
696 3679 791 3743 illam
808 3675 996 3740 infidelium
1013 3673 1278 3738 multitudinem.

295 3838 346 3849 -
391 3798 444 3872 29,
459 3816 571 3859 munus
697 3803 891 3885 prurientes
909 3818 1045 3865 manus.

296 3920 351 3993 35,
390 3920 445 3993 21,
463 3939 510 3982 eoa
527 3965 558 3982 ..
577 3919 646 3983 ,aa
697 3927 747 3989 eis
764 3925 942 3989 castellum
958 3923 1228 4005 ingredientibus
1242 3922 1399 3986 instaret.

459 4027 632 4101 aequarum*

294 4180 345 4192 -
390 4142 442 4217 26,
460 4127 621 4204 dissolvero
698 4107 917 4230 dissiparent.

461 4239 638 4304 laborarent

296 4363 349 4439 36,
389 4366 443 4440 19,
460 4363 638 4449 aliquantu
698 4350 927 4447 provehente.

458 4463 648 4548 lwmtorpas·

461 4571 543 4627 domo
