3384 5625
323 748 388 811 102
695 761 895 811 unccionns
919 761 1054 810 verim.

375 954 504 1009 sanctae
527 945 681 1010 ecclesiae
702 964 765 1008 rex
786 945 902 1026 palam
924 944 1094 1027 promisit,
1118 944 1291 1026 praecipue
1312 950 1436 1011 contra

373 1046 565 1109 libertatem
593 1044 747 1108 ecclesiae
777 1046 868 1107 bona
893 1044 1092 1109 vacantium
1124 1043 1346 1107 ecclesiarum
1378 1044 1433 1107 in-

372 1143 538 1220 fisoaudo,
553 1144 692 1207 minime
709 1143 921 1225 adimplevit.

334 1283 391 1321 PAG.
416 1284 469 1322 uti.

325 1347 402 1422 443,
418 1347 472 1419 32,
488 1343 665 1409 Ecrccobuc-
731 1342 984 1424 Reincsburgh.

485 1466 560 1529 pum

326 1569 405 1643 444,
444 1568 477 1641 9,
491 1568 594 1651 itaque
609 1586 677 1629 cunc
727 1571 843 1628 autem
860 1563 951 1628 dum.

323 1727 374 1735 —
420 1694 472 1768 13,
488 1690 673 1754 annulum..
726 1686 890 1751 annulum
909 1706 1072 1769 magnum
1088 1688 1125 1752 in
1138 1686 1259 1769 digito.

490 1811 619 1853 curcum

322 1954 373 1965 -
418 1914 469 1988 15,
482 1912 700 1996 discoopertum
729 1908 946 1992 discooperto
965 1911 1077 1976 vultu.

541 2011 658 2074 cultum

322 2171 373 2182 -
418 2134 470 2212 17,
487 2134 608 2199 obuium
725 2130 818 2195 addit
834 2129 959 2209 Paris,
974 2131 1064 2195 male
1080 2133 1146 2196 sibi
1163 2131 1332 2196 conscius,

320 2294 372 2304 —
418 2260 472 2335 18,
489 2257 631 2321 manauit
724 2256 849 2338 erupit.

320 2424 371 2433 -
418 2384 468 2457 19,
485 2381 565 2466 repis
721 2378 811 2443 dccet.

319 2540 371 2549 -
415 2506 468 2578 21,
486 2502 665 2566 credebatur
721 2500 814 2565 addit
850 2502 976 2579 Paris,
1007 2510 1048 2567 ut
1078 2503 1253 2568 videretur
1283 2504 1427 2587 sanguis

744 2602 895 2665 clamare
910 2602 954 2665 ad
973 2602 1097 2666 Deum.

318 2762 370 2771 -
412 2764 456 2775 -
481 2726 661 2791 Richardus
723 2726 904 2790 abhorruit
920 2734 966 2791 et,

319 2890 371 2899 -
417 2857 467 2929 23,
484 2853 633 2918 Ebrcudc‘
721 2849 808 2914 dccet

319 3011 369 3022 —
415 2977 468 3051 25,
487 2976 605 3039 diuinis
620 3023 627 3039 .
641 3023 671 3040 ..
721 2972 846 3036 divinis
875 2972 1084 3051 solemniter,
1113 2980 1152 3038 ut
1181 2974 1308 3053 decuit,
1335 2975 1425 3040 cele-

481 3076 635 3157 mystcric‘s
743 3073 862 3135 brutis

317 3236 368 3246 —
413 3196 464 3275 27,
481 3209 673 3263 consueuerat
720 3194 813 3259 addit
829 3195 954 3270 Paris,
971 3196 1123 3284 exanimi
1136 3195 1409 3278 magnificentia.

316 3366 367 3376 ...
413 3326 464 3396 29,
475 3324 621 3408 principi
640 3371 668 3386 ..
719 3319 867 3402 principi
887 3319 1070 3401 magnifico
1095 3319 1274 3402 inscriptio
1299 3322 1423 3386 tumuli

484 3423 557 3486 tulis
571 3431 640 3486 crat
742 3419 823 3482 talis
840 3419 989 3486 exstitit.

317 3551 391 3624 445,
431 3550 460 3623 l,
480 3539 644 3610 Ouisctis¹

314 3711 366 3721 ..
432 3671 462 3743 4,
477 3666 553 3730 ltabc
717 3662 809 3726 addit
825 3662 947 3738 Paris,
967 3661 1101 3728 Sufficit
1117 3664 1172 3728 hic
1187 3666 1352 3744 tumulust,
1364 3668 1421 3732 cui

739 3780 807 3824 non
822 3760 1005 3825 suffecerat
1022 3763 1127 3828 orbis.

313 3926 364 3936 —
430 3890 459 3964 6,
479 3889 644 3973 composuit
719 3885 856 3948 statuit.

311 4055 361 4066 -
427 4015 461 4090 9,
476 4012 623 4095 defunctu
713 4029 787 4092 prae
812 4009 930 4074 dolore
952 4010 1055 4093 hujus
1077 4011 1160 4078 dicti
1176 4012 1368 4092 infortunii,
1383 4023 1423 4080 ut

480 4122 522 4175 cst
739 4109 878 4186 dicitur,
894 4109 1059 4174 defuncta
1074 4118 1138 4175 est.

347 4270 356 4302 ¹
370 4272 418 4321 Cui
428 4272 513 4334 eutis]
531 4271 573 4320 On
590 4271 632 4319 the
649 4270 729 4318 lower
741 4271 839 4332 margin
850 4270 879 4318 ot
892 4270 935 4319 tho
946 4272 1028 4333 Ruyul
1039 4271 1096 4320 MS.
1108 4271 1130 4319 is
1141 4273 1253 4334 written,
1265 4276 1273 4301 ‘
1283 4275 1422 4340 Memento,

312 4341 380 4404 quod
391 4341 439 4389 hoc
449 4342 545 4389 dictum
557 4355 573 4389 a
584 4339 706 4400 Pompeio
717 4353 808 4402 magno
820 4341 929 4401 sumpsit
939 4341 1070 4390 exordium
1082 4355 1090 4401 3
1106 4341 1237 4404 Lucanus,

696 4425 705 4452 ‘
714 4423 764 4473 Cui
775 4439 824 4473 non
834 4426 969 4474 suffecerat
978 4427 1055 4487 orbis,

591 4494 689 4547 Sufficit
699 4495 786 4543 exciso
796 4494 899 4543 defossa
910 4510 942 4544 ex
953 4497 1048 4556 cespite
1059 4500 1126 4544 terra

592 4564 710 4624 Quinque
724 4564 817 4624 pedum
829 4564 952 4614 fabricatu
964 4560 1070 4615 domus.'
