3384 5625
672 778 870 828 nnerronns
893 779 1024 829 vrnrn.
1330 766 1396 833 295

305 900 363 939 PAO.
386 902 438 939 un.

295 966 372 1041 301,
390 965 442 1039 26,
460 962 530 1047 iqua
554 1009 562 1025 .
582 1010 615 1027 ..
690 966 935 1042 concremavit,
948 973 1057 1030 terras
1070 966 1254 1046 destruxit,
1266 968 1393 1035 evulsit

456 1062 608 1126 docmate
712 1065 879 1146 pomaria,
895 1066 1057 1130 exhausit
1071 1067 1215 1133 vivaria.

292 1225 343 1236 -
388 1185 440 1261 31,
456 1182 609 1248 adrohttor
691 1186 837 1252 licenter
854 1189 1068 1253 absolvebat.

295 1309 368 1386 302,
387 1305 440 1383 17,
455 1308 511 1392 qui
527 1355 550 1369 ..
564 1355 571 1370 .
585 1307 645 1372 ‘Et
692 1311 780 1374 alter
797 1309 1018 1395 Achitophel,
1035 1314 1163 1377 malum
1183 1313 1332 1378 condens
1356 1313 1392 1375 in

456 1415 489 1470 to
503 1406 590 1470 modo
711 1418 851 1492 pectore
873 1412 1066 1490 consilium,
1094 1414 1154 1495 qui
1183 1412 1392 1476 Marescallo

713 1509 831 1574 dolose
845 1510 1055 1588 adhaerebat,
1071 1512 1228 1576 conscius
1243 1512 1393 1595 provisae

713 1607 917 1691 proditionis
945 1629 987 1674 ac
1014 1612 1139 1688 sucina,
1169 1610 1326 1693 prorupit
1356 1611 1392 1673 in

714 1727 833 1772 vocem
868 1710 1186 1790 tergiversationis3
1226 1710 1391 1774 adversus

713 1826 791 1869 eum
808 1809 908 1891 quasi
931 1828 975 1871 ex
995 1810 1139 1873 caritate
1156 1810 1311 1892 loquens,
1328 1810 1390 1886 ait,

714 1906 818 1970 ‘Hoc
836 1907 995 1990 estquod
1011 1908 1188 1990 praecinui,
1207 1915 1243 1972 te
1260 1908 1392 1972 scilicet

714 2006 860 2069 multum
883 2006 1080 2070 dissimilem
1108 2008 1236 2073 invicto
1258 2007 1394 2071 Willel-

714 2125 770 2168 mo
799 2106 907 2169 veteri
932 2106 1152 2184 Marescallo,
1181 2127 1283 2191 quem
1309 2106 1391 2184 vidi,

713 2223 815 2287 quem
836 2204 963 2281 amavi,
987 2205 1043 2268 cui
1061 2207 1201 2283 servivi,
1222 2224 1325 2289 quem
1341 2204 1392 2268 di-

713 2303 807 2382 lexi3
830 2303 942 2386 quiin
959 2324 1044 2387 pace
1062 2306 1251 2369 tractabilis
1269 2324 1311 2368 ac
1326 2305 1391 2368 dis-

715 2408 838 2478 cretus
851 2403 887 2465 in
897 2404 988 2467 bello
1003 2404 1256 2487 insuperabilis
1274 2423 1392 2469 omnes

713 2503 942 2566 occidentales
965 2505 1170 2569 strenuitate
1194 2505 1391 2586 superabat.

713 2601 782 2664 ‘Et
796 2607 835 2663 tu
851 2600 965 2678 modo,
984 2610 1023 2666 nt
1040 2603 1135 2683 prius
1150 2602 1233 2665 dixi.

293 2766 345 2777 -
389 2722 442 2801 27,
458 2726 629 2811 impediant
690 2723 822 2788 scilicet
839 2724 1032 2805 ingressum
1049 2732 1145 2789 tuum
1163 2732 1198 2789 et
1214 2724 1391 2807 negotium

446 2847 643 2911 propresswm
712 2831 822 2900 tuum,
851 2824 944 2908 quod
971 2825 1008 2888 in
1033 2826 1211 2908 procinctu
1236 2833 1301 2902 est,
1329 2843 1390 2889 va·

456 2934 543 2988 teum
712 2923 807 2986 leant
821 2923 998 3006 impedire.

291 3087 343 3099 -
385 3049 437 3124 30,
446 3068 616 3131 praeporo-
692 3047 897 3124 accinctum,
915 3053 954 3112 ut
975 3054 1055 3111 ante
1075 3047 1210 3111 leonem
1231 3046 1393 3130 pecudes,

441 3155 523 3210 -tom
535 3167 643 3230 ...per
713 3153 811 3226 terga
827 3153 1000 3211 vertentes
1017 3148 1179 3210 universi.

475 3267 496 3309 a
515 3267 567 3308 om

293 3369 367 3446 303,
406 3369 437 3445 6,
450 3247 625 3432 {oleato}
688 3369 782 3434 addit
799 3368 925 3448 Paris,
940 3375 975 3433 et
990 3368 1033 3433 ad
1051 3387 1202 3452 unguem
1220 3367 1374 3431 armatis.

458 3488 518 3531 mer

291 3632 342 3644 -
387 3594 503 3671 1091.
519 3639 527 3654 .
543 3638 550 3652 .
566 3591 622 3676 qui
690 3588 844 3671 pollicita
858 3588 1026 3671 ampliora
1040 3584 1320 3668 multiplicantes,
1330 3585 1390 3668 qui

712 3687 851 3751 idcirco.

293 3854 344 3865 -
388 3814 440 3890 20,
454 3812 622 3877 ademerat
690 3810 782 3874 addit
804 3810 931 3886 Paris,
959 3829 1106 3893 quorum
1133 3808 1333 3890 figmentum
1356 3813 1392 3870 et

712 3917 866 3992 teporem
898 3928 961 3990 pro
989 3926 1115 3990 magna
1142 3915 1241 3990 parte
1264 3927 1393 3989 cogno·

712 4014 846 4072 verant.

292 4171 343 4183 —
387 4132 440 4209 23,
456 4131 633 4196 discurran—
691 4131 919 4195 emicantibus
937 4128 1110 4191 fortunam
1126 4125 1220 4191 belli.

458 4229 539 4294 tibur

293 4354 366 4431 304,
387 4355 438 4430 14,
455 4350 584 4417 obtinere
692 4353 818 4417 habere
834 4350 1059 4433 impudenter.

291 4515 342 4527 -
387 4476 438 4550 18,
455 4493 540 4538 muna
691 4477 882 4541 imminenti
897 4475 1191 4557 extinguaturque
1208 4473 1354 4555 penitus.
