3384 5625
669 800 872 848 nncrrorrns
895 799 1028 848 vnum.
1337 785 1402 849 157

345 979 482 1055 fratres,
499 980 716 1062 omnipotens
730 979 901 1044 Dominus
915 980 1086 1044 illuminet
1101 989 1233 1045 mentes
1248 990 1395 1057 vestras,

346 1086 385 1141 ut
395 1085 527 1141 remota
537 1080 630 1144 omni
645 1079 875 1143 contentionis
891 1079 1036 1144 materia
1047 1080 1198 1143 debitam
1207 1082 1310 1145 matri
1320 1101 1398 1146 ves-

346 1184 410 1241 trae
431 1198 500 1241 non
522 1179 656 1259 negetis
673 1178 904 1242 obedientiam
918 1179 974 1242 vel
994 1179 1170 1257 honorem,
1193 1200 1256 1243 nec
1278 1189 1399 1245 contra

347 1275 499 1339 divinum
527 1296 590 1339 nec
613 1278 772 1340 naturale
801 1278 1002 1341 mandatum
1032 1278 1110 1342 aliis
1138 1279 1274 1342 faciatis
1304 1280 1396 1361 quod

346 1375 443 1438 vobis
458 1375 531 1438 fieri
546 1395 616 1439 non
632 1376 758 1439 velitis.
811 1377 942 1440 Datum
963 1377 1100 1453 Romae,
1123 1378 1216 1461 apud
1234 1386 1394 1442 sanctum

347 1473 502 1550 Petrum,
536 1481 637 1537 sexto
668 1475 745 1538 idus
777 1475 992 1555 Decembris
1025 1478 1248 1560 pontificatus
1288 1477 1397 1542 nostri

345 1591 436 1637 anno
452 1573 809 1638 octav0.’-Omitted
826 1576 861 1638 in
883 1575 917 1638 0.

306 1721 363 1757 Pro.
386 1722 437 1758 uri.

295 1800 370 1876 184,
389 1801 442 1876 24,
461 1799 633 1863 contradic·
694 1799 904 1862 conditione.

460 1900 540 1962 ticrcc

296 2024 368 2099 185,
386 2024 441 2099 14,
454 2023 590 2086 crastino
695 2020 867 2102 sequenti.

294 2186 344 2197 -
387 2148 441 2223 21,
458 2145 637 2210 collocantes
694 2142 787 2206 ccidit
801 2141 927 2220 Paris,
951 2150 987 2206 et
1006 2142 1071 2206 boc
1092 2142 1157 2206 fuit
1179 2141 1399 2205 seminarium

718 2243 827 2306 totius
844 2243 1020 2324 sequentis
1036 2242 1228 2317 discordiae,
1247 2260 1325 2323 quae
1339 2259 1400 2320 per

717 2342 834 2404 secula
866 2341 1108 2404 detrimentum
1135 2339 1274 2421 Angliae
1297 2359 1400 2422 gene-

717 2441 820 2517 ravit,
834 2447 869 2503 et
886 2441 1048 2504 damnum
1066 2440 1334 2504 irrestaurabile.

296 2560 368 2638 187,
387 2564 439 2638 24,
454 2561 636 2625 litteratorie
693 2582 756 2643 per
769 2562 900 2626 literas.

294 2688 367 2761 188,
385 2687 437 2761 15,
454 2693 573 2747 creatus
695 2691 832 2747 creatus
847 2691 900 2747 est
918 2684 1008 2766 apud
1025 2683 1236 2764 Radingum.

295 2812 368 2886 189,
383 2811 436 2885 36,
446 2807 643 2872 remorto..
694 2807 927 2872 necessarium
941 2807 1044 2871 fuerit
1058 2806 1261 2870 alterutram
1276 2806 1399 2869 confir-

430 2905 644 2989 confirmando
717 2926 823 2971 mare.

294 3033 367 3108 194,
404 3031 606 3108 9,Julicnus
693 3031 781 3094 deest.

295 3159 368 3232 195,
407 3159 438 3232 8,
453 3154 622 3239 cciy‘utricee
695 3157 900 3221 adnitentes

294 3275 368 3355 197,
388 3278 442 3353 36,
459 3278 494 3340 irc
526 3277 623 3360 infcr—
694 3281 811 3343 desum.

456 3397 541 3450 oum,
548 3396 643 3458 porce-

391 3464 393 3468 ’
449 3495 644 3559 remqucecm

294 3598 366 3672 199,
405 3599 438 3670 8,
454 3592 643 3658 mirabiliter
694 3596 944 3662 miserabiliter.

294 3721 367 3795 200,
409 3721 439 3795 5,
457 3717 588 3780 valentes
693 3745 763 3789 non
780 3724 947 3789 valentes.

452 3817 643 3881 etutiucerso

292 3977 343 3986 -
387 3941 643 4021 22‚0e1e...prc
693 3943 729 4004 in
747 3942 963 4023 ...ponitur

453 4037 569 4121 jicitur

293 4164 367 4237 202,
386 4163 438 4237 10,
452 4160 584 4244 acceptis
694 4161 812 4225 desum.

448 4257 644 4323 subvertendo

293 4385 367 4460 204,
385 4384 437 4456 18,
450 4382 571 4464 Adfuit
696 4381 781 4445 This
797 4382 940 4464 chapter
952 4381 984 4444 is
999 4382 1143 4446 omitted
1159 4383 1206 4467 by
1223 4383 1333 4448 Paris.

293 4506 367 4584 206,
385 4507 437 4581 13,
453 4503 589 4587 adipisci
695 4505 737 4566 ei.
