3384 5625
650 772 851 821 nnc‘nnnns
875 773 1010 825 vnnin.
1319 765 1385 829 101

276 898 350 1035 4122,
368 898 423 1035 2112,
439 959 617 1023 vnlneratus
674 958 828 1040 graviter
840 960 1053 1026 vnlneratus.

273 1126 324 1136 -
369 1082 420 1160 27,
430 1085 542 1169 fayore
675 1080 768 1145 addit
778 1082 903 1161 Paris„
919 1104 996 1148 cum
1012 1088 1215 1151 catervatim
1230 1095 1378 1152 ruerent.

274 1209 349 1282 440,
389 1208 419 1283 1,
435 1207 559 1292 Anqliae
674 1203 766 1266 addit
782 1203 908 1283 Parin,
931 1209 991 1289 qui
1011 1215 1094 1272 tunc
1118 1208 1207 1273 forte
1232 1230 1293 1292 per
1315 1212 1378 1273 du-

696 1322 770 1365 cem
788 1305 937 1385 peritum
951 1307 1091 1388 impune
1109 1311 1329 1373 transierant.

273 1464 324 1473 -
391 1424 420 1497 2,
436 1422 564 1507 danique
673 1447 765 1491 vern.

272 1586 323 1596 -
389 1548 421 1620 8,
438 1554 503 1634 inm
512 1567 573 1630 per
674 1559 720 1614 et.

273 1710 324 1719 -
370 1670 420 1746 10,
436 1671 595 1755 semanima
673 1675 916 1757 quadraginta.

272 2158 323 2167 -
367 2118 419 2191 22,
433 2116 600 2179 Dercamne
672 2114 936 2180 Dorcesmuthe.

272 2281 324 2291 -
368 2240 420 2315 26,
438 2249 502 2302 tam
524 2240 623 2303 armis
673 2258 751 2301 cum
796 2247 877 2321 post
916 2241 1031 2304 varios
1073 2260 1186 2305 rernm
1230 2251 1374 2306 eventus

441 2339 623 2402 ...idoneis
697 2337 928 2403 Ulixebonam
955 2342 1202 2422 pervenissent,
1231 2350 1301 2405 tam
1320 2362 1374 2405 ar-

694 2438 759 2500 mis
775 2458 878 2519 quam
895 2440 1089 2504 hominibus
1104 2443 1286 2506 roboratae.

272 2564 347 2638 441,
385 2565 415 2637 5,
429 2559 613 2627 solmnmodo
672 2567 808 2624 tantum
829 2608 856 2626 ..
875 2610 883 2626 .
899 2563 1135 2627 concederent.

433 2684 621 2727 „nonces-

432 2760 540 2825 sissent

271 2927 322 2938 -
367 2887 419 2962 25,
438 2887 493 2949 Sic
507 2933 530 2948 ..
543 2887 623 2951 ‚Dei
673 2880 797 2964 Sicque
813 2879 1079 2962 omnipotentia

273 3051 323 3060 —
368 3011 421 3085 26,
437 3010 475 3074 de
484 3011 624 3096 paqanis
673 3003 715 3068 de
730 3005 876 3087 paganis
893 3004 1052 3085 gloriose.

272 3135 346 3210 442,
387 3136 418 3210 3,
424 3135 611 3217 festivitatis
668 3128 757 3192 dent.

271 3299 322 3309 -
367 3259 420 3332 16,
438 3259 586 3344 ainyenien
671 3252 857 3316 vallarunt.

271 3382 345 3457 443,
383 3384 412 3459 2,
430 3381 605 3446 knawerrn
672 3393 806 3456 guerra·

270 3545 321 3556 —
386 3509 416 3579 3,
433 3506 470 3569 de
485 3515 587 3570 antero
670 3497 788 3561 desint.

270 3667 321 3678 —
366 3628 417 3703 11,
435 3627 472 3690 de
489 3627 574 3704 Lair,
585 3626 622 3690 do
672 3620 714 3684 do
729 3619 848 3696 Troia,
864 3619 906 3682 de
923 3618 1013 3682 Lair.

437 3727 521 3789 Pron

270 3890 321 3902 —
366 3853 419 3926 13,
430 3850 596 3935 prophetia
672 3843 854 3925 prophetia
870 3843 925 3908 vel
947 3840 1206 3926 prognosticum
1224 3841 1291 3905 dici
1314 3841 1373 3905 de-

692 3943 786 4006 beat.

272 4113 323 4123 -
367 4067 620 4147 1110410110
670 4065 788 4128 008001·
874 4105 879 4111 ·

270 4230 323 4242 ..
365 4196 419 4274 26,
435 4195 576 4261 concessit
671 4189 765 4253 addit
787 4188 912 4263 Paris„
938 4186 1006 4250 Sed
1028 4194 1068 4252 ut
1091 4187 1206 4251 verius
1226 4185 1373 4265 dicatur,

693 4289 809 4372 potius
838 4287 988 4349 creditur
1015 4286 1133 4351 divina
1153 4286 1259 4350 fuisse
1286 4287 1372 4352 ultio

693 4395 729 4451 et
743 4386 923 4468 sanguinis
939 4387 1032 4450 beati
1053 4387 1197 4452 Thomae
1212 4388 1374 4470 martyris

694 4487 908 4563 reclamatio,
958 4485 1041 4569 quia
1083 4487 1174 4570 quod
1219 4486 1296 4551 Deo
1340 4495 1374 4550 et
