3384 5625
359 768 425 835 238
729 785 930 834 moriones
956 785 1089 835 vnum.

359 911 435 1050 fid,
448 911 504 1049 dd,
519 972 699 1036 remittentes
758 971 851 1036 addit
869 972 996 1049 Paris„
1011 978 1046 1036 et
1062 979 1264 1053 argumenta
1278 994 1343 1057 pro
1359 994 1466 1057 argu·

780 1073 905 1135 mentis
922 1072 1172 1153 excogitantes·

359 1194 434 1271 131,
471 1194 618 1277 5‚seenes
757 1196 847 1260 deest.

357 1354 409 1365 —
454 1320 507 1395 12,
523 1329 667 1404 ceperunt
758 1317 955 1382 incircuitu
973 1325 1151 1401 ceperunt.

356 1484 407 1495 —
452 1443 503 1519 26,
520 1442 700 1509 medenenti
757 1441 850 1506 addit
885 1442 1009 1518 Paris,
1043 1462 1080 1506 se
1113 1442 1260 1507 stridore
1287 1443 1462 1508 abomina-

780 1541 852 1606 bili.

358 1664 432 1740 133,
452 1665 506 1739 11,
524 1663 650 1729 omnint
756 1664 876 1728 illicite
891 1665 1076 1730 adamavit.

356 1830 407 1841 -
453 1790 504 1865 19,
522 1789 621 1853 ceteri
757 1789 945 1871 expediens
962 1788 1188 1854 decreverunt
1204 1789 1325 1853 celare.

358 1914 434 1999 135,
474 1915 507 1990 8,
521 1914 708 1978 constrinne-
755 1912 847 1977 addit
891 1911 1005 1988 Paris,
1045 1915 1165 1978 urbem
1210 1913 1460 1997 spoliaverunt,

523 2021 598 2076 runt
777 2013 906 2076 multos
924 2012 1133 2077 occiderunt.

357 2133 707 2212 136,12,deneneteter
756 2136 1016 2202 denuntiaretur
1049 2156 1111 2219 per
1141 2154 1269 2199 annum
1302 2144 1459 2219 etprae·

513 2256 574 2318 per
590 2259 707 2333 annone
777 2237 979 2300 muniretur.

356 2397 406 2408 -
451 2358 505 2431 25,
522 2360 672 2424 unitatem
754 2358 847 2422 addit
859 2359 985 2435 Parim,
996 2358 1182 2423 Oriebatur
1191 2360 1328 2423 interim
1340 2378 1458 2423 rumor

775 2458 1454 2543 irrecitabilisacsinister,scilicet,quod

776 2557 935 2621 dominus
946 2557 1083 2639 legatus
1096 2577 1195 2622 secus
1205 2577 1307 2640 quum
1320 2557 1457 2623 deceret

775 2676 813 2722 se
827 2657 977 2722 habebat
986 2657 1151 2721 adversus
1162 2657 1337 2721 dominam
1351 2657 1455 2720 Blan-

775 2776 871 2838 com3
896 2757 956 2821 sed
981 2756 1124 2841 impium
1147 2764 1200 2822 est
1221 2756 1286 2821 hoc
1306 2756 1455 2835 credere,

776 2857 858 2938 quia
884 2856 1000 2920 aemuli
1025 2857 1100 2940 ejus
1121 2857 1186 2920 hoc
1211 2857 1456 2921 disseminave-

776 2963 870 3031 runt,
887 2957 1057 3038 benignus
1071 2963 1186 3019 autem
1201 2957 1336 3019 animus
1351 2956 1456 3021 dubia

774 3055 808 3116 in
822 3054 945 3118 melius
957 3055 1215 3136 interpretatur.
1250 3055 1330 3119 Hoc
1346 3056 1451 3121 etiam

775 3172 878 3231 anno,
911 3161 1036 3237 quarto
1064 3174 1172 3219 nonas
1201 3153 1374 3232 Octobris,
1400 3153 1455 3218 die

774 3253 968 3331 Dominico,
986 3255 1108 3318 beatus
1129 3255 1334 3318 Franciscus
1352 3255 1389 3317 in
1407 3252 1455 3317 ci-

774 3353 882 3418 vitate
896 3352 1034 3429 Assisii,
1046 3354 1088 3417 de
1098 3373 1167 3435 qua
1177 3361 1273 3418 ortus
1286 3360 1350 3429 est,
1360 3353 1453 3435 apud

773 3460 930 3517 sanctam
958 3452 1107 3516 Mariam
1136 3453 1178 3515 de
1211 3452 1452 3529 Portiuncula,

773 3553 833 3615 ubi
850 3553 1012 3615 Fratrum
1024 3552 1198 3615 Minornm
1212 3552 1287 3634 ipse
1301 3551 1454 3614 ordinem

772 3649 936 3725 initiavit,
962 3650 1110 3732 expletis
1140 3649 1264 3731 viginti
1286 3650 1387 3713 annis
1408 3670 1454 3713 cx

774 3768 843 3829 quo
865 3747 1113 3829 perfectissime
1134 3750 1281 3813 adhaesit
1299 3748 1452 3827 Christo,

772 3846 1008 3929 apostolorum
1034 3849 1200 3913 vitamet
1226 3848 1374 3929 vestigia
1397 3867 1453 3911 se·

772 3964 894 4028 queuS,
920 3945 963 4009 ad
989 3949 1312 4029 contemplationem
1336 3946 1455 4010 caelcs-

771 4045 858 4108 tium
889 4046 1065 4124 avolavit3
1099 4048 1172 4128 qui,
1196 4053 1319 4130 postea
1349 4065 1451 4128 quum

771 4145 960 4225 promeruit
982 4146 1127 4226 gloriam
1146 4146 1226 4224 Dei,
1246 4154 1281 4211 et
1296 4165 1453 4210 remune-

771 4244 940 4308 rationem
953 4245 1119 4308 bonorum
1131 4265 1273 4327 operum
1288 4264 1351 4326 pro
1367 4264 1453 4308 mer-

771 4342 855 4406 cede
871 4343 1053 4424 recipicns,
1070 4344 1106 4406 in
1123 4344 1217 4408 dicta
1234 4344 1377 4410 civitate
1397 4362 1453 4407 se-

769 4441 888 4522 pultus
916 4449 980 4519 est,
1003 4443 1101 4526 cujus
1121 4443 1195 4510 vitu
1221 4450 1257 4507 et
1281 4461 1393 4506 mores
1416 4450 1452 4507 et

770 4540 890 4620 regula
925 4542 962 4603 in
994 4560 1084 4605 auno
1115 4543 1285 4623 sequenti,
1317 4540 1451 4606 scilicet
