3384 5625
293 766 359 832 218
664 782 864 831 anemonas
886 782 1020 832 vnnrn.

294 967 434 1050 pellano
457 984 521 1029 suo
553 964 661 1041 Luca,
690 965 893 1030 festinanter
918 985 957 1029 se
979 965 1106 1030 viatico
1137 965 1282 1030 salutari
1307 984 1399 1048 prae·

296 1066 455 1141 munivit,
478 1072 515 1129 et
537 1065 683 1128 induens
710 1066 890 1129 audaciam
914 1065 1087 1130 leoninam
1109 1065 1160 1129 ait
1183 1064 1399 1148 specialiori·

294 1167 360 1229 bus
389 1166 474 1240 suis,
499 1165 623 1247 quibus
648 1172 800 1228 castrum
829 1165 978 1229 Doverae
1004 1166 1222 1229 commiserat
1247 1164 1399 1228 custodi·

295 1265 434 1342 endum,
450 1263 638 1327 ‘Obtestor
656 1284 719 1346 per
735 1264 938 1345 sanguinem
957 1263 1098 1342 Christi,
1116 1265 1146 1328 si
1161 1264 1250 1328 forte
1265 1264 1398 1346 capiar,

296 1371 376 1429 ante
401 1364 608 1446 permittatis
634 1383 688 1427 me
714 1363 878 1446 suspendi
903 1382 1006 1445 quam
1030 1363 1133 1427 alicui
1165 1363 1300 1427 Franco
1325 1382 1400 1428 cas·

296 1471 386 1528 trum
418 1463 583 1540 reddatiS,
617 1462 725 1526 clavis
759 1463 849 1526 enim
879 1462 1017 1544 Angliae
1050 1463 1125 1527 est’
1179 1462 1253 1546 Ipsi
1280 1470 1398 1526 autem

296 1563 430 1640 flentes,
463 1562 530 1626 fide
557 1562 761 1644 interposita
783 1569 818 1625 et
845 1563 1002 1644 praestito
1023 1562 1234 1646 juramento,
1257 1562 1323 1626 boc
1347 1561 1398 1625 illi

297 1669 551 1726 concesserunt.
603 1660 768 1744 Acceptis
793 1662 901 1741 igitur
920 1681 1037 1725 secum
1063 1662 1256 1746 praeelectis
1279 1661 1398 1724 militi·

296 1764 375 1840 bus,
391 1762 551 1826 videlicet
566 1761 721 1825 Henrico
741 1761 784 1824 do
804 1761 1006 1825 Turbevilla
1028 1769 1063 1825 et
1082 1761 1257 1825 Richardo
1274 1760 1399 1837 Suard,

300 1882 377 1926 cum
403 1862 607 1944 quibusdam
631 1861 708 1924 aliis
730 1861 790 1924 sed
809 1861 942 1943 paucis,
962 1861 1129 1943 optimam
1147 1880 1270 1924 navem
1291 1861 1400 1923 intra-

297 1962 360 2038 vit,
382 1962 512 2025 habens
534 1979 651 2024 secum
671 1960 838 2043 quosdam
860 1960 902 2023 de
926 1959 1077 2043 quinque
1100 1961 1268 2044 portubus
1293 1958 1399 2023 maris

296 2062 435 2144 peritos.
488 2060 598 2123 Erant
617 2066 732 2124 autem
751 2061 851 2123 nutui
870 2079 934 2123 suo
957 2060 1082 2124 deditae
1097 2060 1233 2123 circiter
1247 2059 1399 2123 decimas

297 2168 416 2225 sextas
442 2156 620 2245 [sedecim]
649 2178 755 2223 naves
778 2161 866 2223 bene
885 2159 1114 2236 communitae,
1134 2159 1208 2222 sine
1230 2158 1399 2223 naviculis

297 2261 553 2336 comitantibus,
579 2278 656 2341 quae
682 2257 726 2321 ad
754 2259 877 2339 viginti
902 2268 984 2323 sunt
1008 2258 1198 2323 recensitae.
1251 2257 1400 2322 Perrex-

298 2367 400 2423 erunt
424 2359 530 2439 igitur
556 2358 731 2434 audacter,
761 2357 969 2440 obliquando
993 2365 1109 2422 tamen
1136 2358 1334 2435 dracenam,
1363 2356 1398 2420 id

299 2465 363 2534 est,
379 2457 462 2533 loos,
478 2456 584 2539 [luffi]
608 2456 679 2519 acsi
695 2455 824 2520 vellent
844 2457 940 2519 adire
958 2456 1141 2522 Calesiam.
1195 2457 1296 2536 Quod
1319 2476 1398 2521 cum

297 2557 441 2622 vidisset
455 2555 664 2620 Eustachius
677 2556 878 2632 monachus,
896 2555 969 2619 dux
988 2557 1212 2634 Francorum,
1227 2557 1289 2635 ait,
1301 2556 1397 2620 ‘Scio

298 2657 391 2740 quod
414 2656 462 2719 hii
486 2656 603 2719 miseri
629 2657 785 2737 cogitant
813 2655 985 2720 Galesiam
1009 2657 1108 2739 quasi
1136 2656 1322 2721 latrunculi
1338 2656 1399 2742 ‚in-

299 2757 437 2833 vadere,
455 2755 515 2820 sed
532 2756 672 2833 frustra,
687 2756 773 2820 bene
791 2757 882 2820 enim
904 2754 1200 2839 praemuniuntur?
1253 2756 1299 2821 Et
1320 2774 1399 2820 ecce

300 2856 407 2938 Angli
421 2857 536 2920 subito
550 2875 626 2920 cum
645 2857 892 2939 comperissent
905 2863 1047 2919 ventum
1069 2856 1285 2933 exhausisse,
1298 2874 1400 2920 versa

299 2957 449 3019 dracena
463 2975 508 3018 ex
526 2961 737 3030 transverso,
755 2962 858 3017 vento
872 2955 947 3037 jam
969 2955 1019 3018 eis
1042 2956 1204 3032 secundo,
1224 2956 1400 3019 irruerunt

298 3055 335 3117 in
357 3054 474 3117 hostes
496 3052 677 3131 alacriter;
701 3060 736 3116 et
762 3072 840 3115 cum
863 3054 1063 3134 attigissent
1085 3073 1220 3139 puppes
1239 3055 1402 3119 adversa·

299 3155 440 3228 riorum,
463 3152 562 3214 uncis
582 3151 718 3234 injectis
740 3159 961 3217 attraxerunt
978 3173 1037 3217 eas
1052 3154 1097 3218 ad
1113 3173 1160 3232 se,
1181 3161 1216 3218 et
1230 3154 1400 3219 intrantes

299 3252 506 3334 quantocius
520 3251 696 3314 securibus
718 3253 903 3334 praeacutis
928 3253 1159 3335 praeciderunt
1181 3254 1345 3318 rudentes
1365 3260 1401 3318 et

299 3361 467 3417 antennas
484 3350 612 3414 malum
627 3360 884 3434 supportantes
901 3360 936 3415 et
947 3352 1070 3417 cecidit
1080 3353 1192 3417 velum
1207 3372 1400 3435 expansum

300 3472 404 3536 super
421 3452 573 3514 Francos
592 3449 636 3513 ad
658 3451 768 3514 instar
785 3452 868 3516 retis
883 3471 987 3534 super
1009 3452 1163 3516 aviculas
1186 3453 1351 3528 irretitaS,
1366 3459 1403 3516 et

300 3551 524 3615 nobilioribus
540 3550 712 3632 parcendo
730 3551 984 3615 incarcerandis
1000 3552 1035 3614 in'
1050 3552 1162 3614 frusta
1183 3558 1327 3615 caeteros
1343 3551 1402 3616 de-

300 3651 517 3714 truncabant.
550 3648 648 3712 Inter
663 3668 749 3731 quos
761 3649 996 3726 Eustachium,
1010 3652 1070 3733 qui
1083 3671 1120 3714 se
1135 3649 1417 3732 defiguraverat,·

302 3769 405 3830 quem
432 3750 536 3810 etiam
562 3745 598 3809 in
621 3748 758 3810 sentina
778 3746 985 3811 invenerunt
1007 3749 1215 3826 latitantem,
1235 3756 1401 3814 extraxe-

301 3855 384 3911 runt
408 3854 442 3909 et
465 3844 734 3908 decollaverunt.
788 3846 874 3909 Erat
900 3856 1015 3910 autem
1042 3849 1101 3912 ille
1126 3851 1264 3914 natione
1295 3849 1402 3913 Flau-

300 3946 446 4021 drensis,
467 3945 527 4026 qui
554 3964 617 4026 pro
638 3944 839 4009 haereditate
868 3949 1119 4030 prosequenda,
1138 3949 1302 4013 fratribus
1328 3948 1402 4012 suis

301 4047 376 4110 sine
406 4044 523 4108 liberis
553 4045 785 4127 praemortuis,
820 4046 941 4111 relicto
973 4047 1094 4112 habitu
1125 4055 1160 4112 et
1188 4048 1307 4112 ordine
1337 4066 1400 4111 suo

301 4152 575 4229 apostataverat,
601 4154 636 4208 et
656 4144 810 4231 existens
834 4147 948 4229 pirata
968 4154 1003 4210 et
1023 4148 1214 4231 piratarum
1236 4146 1403 4227 magister

300 4246 418 4309 multis
446 4245 632 4307 damnosus
661 4243 726 4307 luit
758 4251 793 4308 et
822 4254 998 4321 cruentus
1026 4246 1086 4310 sed
1114 4247 1253 4310 tandem
1282 4246 1402 4328 praedo

301 4344 420 4426 praeda
450 4343 563 4406 sactus
594 4343 727 4406 fructus
757 4343 900 4426 collegit
931 4345 1064 4410 viarum
1098 4366 1247 4411 suarum.
1314 4345 1403 4408 Cum

300 4449 418 4506 autem
439 4441 620 4506 Hubertus
642 4443 754 4506 victor
773 4444 1000 4509 miraculosus
1024 4445 1068 4509 ad
1092 4444 1175 4510 litus
1200 4446 1302 4509 laetus
1324 4464 1403 4526 per-

300 4542 461 4619 venisset,
489 4549 715 4624 perrexerunt
742 4544 774 4606 ei
804 4544 942 4608 obviam
974 4554 1009 4609 et
1041 4544 1113 4608 suis
1145 4543 1402 4610 convictoribus
