3384 5625
666 782 866 831 nuorrouns
890 781 1025 829 varim.
1330 764 1394 830 187

293 975 446 1031 nostram
461 965 715 1030 concessionem
740 971 775 1029 et
792 963 1076 1029 constitutionem
1091 963 1126 1027 in
1141 962 1258 1046 aliquo
1273 965 1392 1029 veniat

293 1069 348 1133 vel
370 1067 486 1131 venire
511 1070 708 1149 praesumat.
761 1064 799 1128 Si
826 1063 904 1147 quis
930 1083 1012 1129 vero
1040 1072 1160 1128 contra
1187 1063 1253 1128 hoc
1276 1065 1392 1147 aliquo

294 1175 448 1249 tempore
470 1166 599 1242 veniat,
621 1163 897 1228 maledictionem
913 1164 980 1227 Dei
999 1164 1245 1245 omnipotentis
1262 1172 1297 1229 et
1312 1184 1392 1229 nos-

294 1275 382 1330 tram
416 1266 581 1329 incurrat.
640 1263 710 1327 His
739 1264 898 1340 testibus,
922 1264 1040 1341 Petro,
1058 1263 1293 1328 Wintoniensi
1319 1266 1390 1347 epi·

294 1385 412 1449 scopo,
425 1364 484 1429 W.
501 1363 732 1428 Mareschallo
748 1364 873 1427 comite
888 1363 1057 1440 Penbroc,
1076 1363 1251 1428 Willelmo
1268 1366 1392 1429 comite

295 1465 523 1540 Warrenniae,
548 1462 595 1528 R.
614 1463 740 1527 comite
764 1461 922 1541 Cestriae,
949 1464 985 1527 S.
1005 1464 1130 1528 comite
1145 1463 1392 1542 wintoniensi,

296 1564 339 1630 G.
372 1565 415 1629 de
450 1563 665 1627 Mandevilla
692 1563 817 1627 comite
842 1561 1043 1627 Gloverniae
1076 1570 1111 1627 et
1143 1564 1311 1641 Essexiae,
1333 1563 1391 1628 W.

295 1665 419 1729 comite
436 1664 479 1727 de
496 1662 675 1740 Ferrariis,
694 1661 739 1725 G.
755 1662 940 1739 Briewere,
950 1662 1008 1727 W.
1026 1662 1097 1726 filio
1113 1661 1268 1741 Geraldi‚
1281 1664 1337 1728 W.
1351 1664 1393 1728 de

297 1764 503 1848 Cantelupo,
540 1763 590 1827 H.
621 1762 664 1826 de
697 1761 848 1838 Nevilla,
879 1760 1054 1826 Robertus
1083 1762 1126 1825 de
1149 1762 1246 1839 Wer,
1269 1762 1326 1827 W.
1350 1765 1393 1827 de

297 1862 560 1945 Huntingefeld.
613 1861 744 1926 Datum
769 1881 830 1945 per
847 1881 986 1926 manum
1003 1862 1162 1943 magistri
1180 1860 1324 1929 Roberti
1351 1863 1393 1927 de

297 1964 449 2027 Marisco
465 1961 662 2026 cancellarii
688 1962 809 2039 nostri,
838 1961 970 2026 decimo
994 1962 1115 2044 quinto
1138 1962 1193 2025 die
1218 1961 1393 2039 Januarii,

296 2062 388 2146 apud
406 2062 547 2127 Novum
571 2061 752 2145 Templum
777 2060 938 2139 Londini,
961 2081 1053 2126 anno
1076 2062 1173 2142 regni
1201 2064 1310 2127 nostri
1338 2062 1394 2126 de·

296 2164 384 2227 cimo
415 2160 540 2226 sexto?
597 2158 696 2225 Nulli
728 2180 811 2241 ergo
843 2162 982 2225 omnino
1010 2161 1139 2225 homini
1171 2161 1274 2227 liceat
1306 2161 1395 2226 hanc

295 2262 456 2344 paginam
488 2268 615 2324 nostrae
650 2260 919 2324 confirmationis
940 2262 1137 2342 infringere,
1164 2262 1220 2326 vel
1244 2263 1274 2326 ei
1307 2281 1394 2326 ausu

295 2362 477 2425 temerario
494 2360 676 2425 contraire.
729 2360 766 2423 Si
782 2361 859 2443 quis
883 2370 998 2425 autem
1022 2360 1088 2425 hoc
1111 2369 1282 2425 attentare
1304 2382 1394 2444 pree-

294 2461 489 2544 sumpserit,
505 2460 1036 2543 indignationemomnipotentis
1055 2462 1134 2539 Dei,
1156 2471 1192 2525 et
1214 2462 1393 2526 beatorum

297 2560 392 2625 Petri
406 2569 441 2626 et
457 2561 559 2625 Pauli
583 2561 818 2644 apostolorum
843 2560 931 2643 ejus,
947 2581 985 2624 se
1004 2562 1140 2627 noverit
1163 2562 1392 2625 incursurum.

296 2660 426 2724 Datum
462 2660 637 2737 Laterani,
666 2660 768 2724 tertio
798 2659 961 2723 calendas
992 2658 1137 2741 ApriliS,
1171 2661 1394 2741 pontificatus

295 2761 403 2825 nostri
421 2779 512 2824 anno
527 2760 658 2825 decimo
672 2758 819 2823 octavo.'

345 2859 415 2923 His
437 2860 586 2944 peractis
609 2867 644 2923 et
668 2878 713 2922 ex
736 2866 882 2940 utraque
899 2865 997 2941 parte
1015 2858 1228 2941 approbatis,
1257 2859 1395 2922 exulta-

296 2966 420 3023 verunt
444 2979 575 3035 omneS,
599 2957 776 3022 credentes
799 2957 913 3022 Deum
939 2958 1205 3023 misericorditer
1221 2978 1280 3022 cor
1302 2959 1395 3040 regis

296 3059 463 3140 tetigisse,
489 3078 550 3123 cor
569 3059 613 3122 ab
638 3077 679 3122 eo
707 3057 881 3140 lapideum
906 3057 1090 3121 abstulisse
1104 3065 1140 3123 et
1156 3078 1217 3123 cor
1231 3078 1391 3123 carneum

296 3158 479 3236 addidisse,
507 3166 542 3222 et
573 3158 672 3221 utin
701 3177 742 3220 eo
775 3158 872 3221 fieret
901 3157 1032 3239 optima
1064 3157 1217 3221 dexterae
1254 3158 1394 3221 Excelsi

296 3259 505 3338 permutatio
521 3279 529 3336 3
561 3264 855 3338 speraveruntque
876 3275 996 3320 omnes
1016 3263 1051 3319 et
1070 3257 1210 3337 singuli,
1228 3256 1394 3338 Angliam

296 3358 396 3439 quasi
424 3358 634 3439 AEgyptiaco
659 3357 759 3439 jugo,
789 3374 858 3437 quo
886 3354 945 3417 diu
975 3363 1056 3419 ante
1078 3357 1309 3437 premebatur,
1335 3376 1396 3437 per

297 3456 364 3520 Dei
378 3459 525 3538 gratiam
540 3457 611 3520 suis
628 3455 838 3536 temporibus
853 3454 1046 3529 liberatam,
1061 3461 1133 3517 tum
1152 3473 1213 3535 per
1226 3454 1395 3518 Romanae

298 3557 450 3620 ecclesiae
481 3556 740 3636 protectionem,
774 3554 873 3638 cujus
902 3553 967 3616 alis
996 3572 1034 3616 se
1064 3553 1249 3617 credebant
1277 3554 1396 3617 obum-

295 3656 399 3731 brari,
417 3663 452 3719 et
467 3655 517 3718 sic
535 3654 630 3719 velut
648 3654 712 3717 sub
728 3653 850 3736 clypeo
867 3650 993 3717 divinae
1016 3653 1161 3730 militiae,
1186 3652 1241 3717 cui
1265 3654 1395 3717 servire

295 3773 439 3835 regnare
458 3760 522 3831 est,
544 3773 629 3836 pace
648 3761 683 3818 et
698 3753 857 3819 libertate
873 3753 1040 3838 gaudere,
1054 3760 1124 3816 tum
1145 3761 1286 3837 propter
1302 3753 1394 3835 regis

294 3853 567 3918 humiliationem
594 3853 836 3929 desideratam,
864 3873 968 3935 quam
1003 3853 1138 3936 [quem]
1170 3861 1395 3937 speraverant

295 3952 387 4016 omni
408 3952 662 4017 mansuetudini
685 3961 720 4016 et
737 3953 815 4034 paci
836 3952 996 4016 soeliciter
1017 3953 1217 4016 inclinatam
1236 3953 1392 4034 [inclina-

297 4052 399 4133 tum].
445 4052 512 4116 Sed
527 4053 629 4133 longe
644 4052 757 4127 aliter,
775 4050 862 4131 proh
876 4051 988 4132 pudor
1004 4059 1039 4114 et
1052 4051 1137 4132 proh
1155 4051 1272 4114 dolor!
1297 4058 1332 4113 et
1345 4052 1394 4115 ni-

295 4152 360 4214 mis
374 4151 584 4215 dissimiliter
601 4170 705 4235 quam
720 4158 897 4231 speratum
913 4148 989 4224 fuit,
1002 4148 1128 4212 evenit.
1182 4148 1396 4213 credebatur

295 4251 434 4316 fortuna
461 4250 643 4315 arridendo
667 4255 787 4312 nectar
805 4248 1020 4329 propinasse,
1043 4268 1119 4312 curn
1142 4248 1251 4312 fellita
1269 4250 1396 4330 pocula

295 4360 330 4414 et
349 4370 485 4415 venena
511 4349 732 4432 praeparavit.
786 4347 877 4412 Ecce
900 4348 987 4411 enim
1015 4348 1077 4411 filii
1106 4347 1230 4426 Belial,
1257 4347 1395 4414 diabolo

293 4456 510 4530 procurante,
545 4449 604 4531 qui
637 4448 853 4513 successibus
884 4447 1058 4512 hominum
1089 4469 1133 4512 ex
1166 4449 1309 4531 antiqua
1332 4469 1395 4513 sua

293 4549 539 4613 consuetudine
562 4549 739 4630 [invidet],
757 4547 916 4613 videlicet
935 4550 1079 4631 ruptarii
1103 4550 1314 4632 nequissimi,
1336 4550 1395 4631 qui
