<?xml version="1.0" encoding="UTF-8"?>
<!DOCTYPE html PUBLIC "-//W3C//DTD XHTML 1.0 Transitional//EN"
    "http://www.w3.org/TR/xhtml1/DTD/xhtml1-transitional.dtd">
<html xmlns="http://www.w3.org/1999/xhtml" xml:lang="en" lang="en">
 <head>
  <title>
</title>
<meta http-equiv="Content-Type" content="text/html;charset=utf-8" />
  <meta name='ocr-system' content='tesseract 3.04.00' />
  <meta name='ocr-capabilities' content='ocr_page ocr_carea ocr_par ocr_line ocrx_word'/>
</head>
<body>
  <div class='ocr_page' id='page_1' title='image "./rogeridewendove00rogegoog_0302.png"; bbox 0 0 3384 5625; ppageno 0'>
   <div class='ocr_carea' id='block_1_1' title="bbox 292 755 1024 820">
    <p class='ocr_par' dir='ltr' id='par_1_1' title="bbox 292 755 1024 820">
     <span class='ocr_line' id='line_1_1' title="bbox 292 755 1024 820; baseline -0.004 0"><span class='ocrx_word' id='word_1_1' title='bbox 292 755 358 820; x_wconf 78' lang='lat'><strong>280</strong></span> <span class='ocrx_word' id='word_1_2' title='bbox 457 788 459 792; x_wconf 86' lang='grc'><em>·</em></span> <span class='ocrx_word' id='word_1_3' title='bbox 664 771 864 820; x_wconf 82' lang='lat' dir='ltr'><strong>nncrronns</strong></span> <span class='ocrx_word' id='word_1_4' title='bbox 891 771 1024 819; x_wconf 78' lang='lat' dir='ltr'><strong>varin.</strong></span> 
     </span>
    </p>
   </div>
   <div class='ocr_carea' id='block_1_2' title="bbox 296 952 1450 4623">
    <p class='ocr_par' dir='ltr' id='par_1_2' title="bbox 296 952 1450 4623">
     <span class='ocr_line' id='line_1_2' title="bbox 296 952 1401 1036; baseline -0.002 -18"><span class='ocrx_word' id='word_1_5' title='bbox 296 954 443 1032; x_wconf 89' lang='lat' dir='ltr'><strong>batibus,</strong></span> <span class='ocrx_word' id='word_1_6' title='bbox 468 954 642 1018; x_wconf 86' lang='lat' dir='ltr'><strong>Roffensis</strong></span> <span class='ocrx_word' id='word_1_7' title='bbox 665 962 701 1018; x_wconf 91' lang='lat' dir='ltr'><strong>et</strong></span> <span class='ocrx_word' id='word_1_8' title='bbox 723 953 950 1018; x_wconf 80' lang='lat' dir='ltr'><strong>cicestrensis</strong></span> <span class='ocrx_word' id='word_1_9' title='bbox 974 952 1160 1029; x_wconf 90' lang='lat' dir='ltr'><strong>diocesum,</strong></span> <span class='ocrx_word' id='word_1_10' title='bbox 1187 960 1223 1017; x_wconf 90' lang='lat' dir='ltr'><strong>et</strong></span> <span class='ocrx_word' id='word_1_11' title='bbox 1244 970 1401 1036; x_wconf 89' lang='lat' dir='ltr'><strong>praecen-</strong></span> 
     </span>
     <span class='ocr_line' id='line_1_3' title="bbox 297 1052 1402 1134; baseline -0.002 -16"><span class='ocrx_word' id='word_1_12' title='bbox 297 1055 364 1118; x_wconf 91' lang='lat' dir='ltr'><strong>tori</strong></span> <span class='ocrx_word' id='word_1_13' title='bbox 392 1054 545 1118; x_wconf 89' lang='lat' dir='ltr'><strong>ecclesiae</strong></span> <span class='ocrx_word' id='word_1_14' title='bbox 566 1052 696 1117; x_wconf 85' lang='lat' dir='ltr'><strong>Christi</strong></span> <span class='ocrx_word' id='word_1_15' title='bbox 719 1052 992 1130; x_wconf 85' lang='lat' dir='ltr'><strong>Cantuariensis,</strong></span> <span class='ocrx_word' id='word_1_16' title='bbox 1011 1053 1159 1116; x_wconf 88' lang='lat' dir='ltr'><strong>salutem</strong></span> <span class='ocrx_word' id='word_1_17' title='bbox 1182 1059 1217 1116; x_wconf 94' lang='lat' dir='ltr'><strong>et</strong></span> <span class='ocrx_word' id='word_1_18' title='bbox 1233 1053 1402 1134; x_wconf 89' lang='lat' dir='ltr'><strong>apostoli-</strong></span> 
     </span>
     <span class='ocr_line' id='line_1_4' title="bbox 297 1152 1404 1235; baseline 0 -19"><span class='ocrx_word' id='word_1_19' title='bbox 297 1172 372 1216; x_wconf 86' lang='lat' dir='ltr'><strong>cam</strong></span> <span class='ocrx_word' id='word_1_20' title='bbox 390 1154 673 1219; x_wconf 85' lang='lat' dir='ltr'><strong>benedictionem.</strong></span> <span class='ocrx_word' id='word_1_21' title='bbox 720 1153 787 1216; x_wconf 96' lang='lat' dir='ltr'><strong>Ille</strong></span> <span class='ocrx_word' id='word_1_22' title='bbox 801 1153 947 1216; x_wconf 89' lang='lat' dir='ltr'><strong>callidus</strong></span> <span class='ocrx_word' id='word_1_23' title='bbox 964 1152 1217 1235; x_wconf 89' lang='lat' dir='ltr'><strong>supplantator,</strong></span> <span class='ocrx_word' id='word_1_24' title='bbox 1235 1152 1404 1217; x_wconf 90' lang='lat' dir='ltr'><strong>calumni-</strong></span> 
     </span>
     <span class='ocr_line' id='line_1_5' title="bbox 298 1251 1402 1335; baseline -0.001 -19"><span class='ocrx_word' id='word_1_25' title='bbox 298 1262 376 1317; x_wconf 87' lang='lat' dir='ltr'><strong>ator</strong></span> <span class='ocrx_word' id='word_1_26' title='bbox 392 1254 543 1335; x_wconf 79' lang='lat' dir='ltr'><strong>iniqnnS,</strong></span> <span class='ocrx_word' id='word_1_27' title='bbox 564 1253 707 1335; x_wconf 92' lang='lat' dir='ltr'><strong>quinon</strong></span> <span class='ocrx_word' id='word_1_28' title='bbox 722 1253 868 1315; x_wconf 92' lang='lat' dir='ltr'><strong>miratur</strong></span> <span class='ocrx_word' id='word_1_29' title='bbox 890 1252 981 1334; x_wconf 89' lang='lat' dir='ltr'><strong>quod</strong></span> <span class='ocrx_word' id='word_1_30' title='bbox 1001 1251 1127 1315; x_wconf 87' lang='lat' dir='ltr'><strong>flumen</strong></span> <span class='ocrx_word' id='word_1_31' title='bbox 1149 1252 1311 1316; x_wconf 90' lang='lat' dir='ltr'><strong>absorbet</strong></span> <span class='ocrx_word' id='word_1_32' title='bbox 1333 1252 1402 1316; x_wconf 88' lang='lat' dir='ltr'><strong>nisi</strong></span> 
     </span>
     <span class='ocr_line' id='line_1_6' title="bbox 299 1352 1401 1436; baseline -0.002 -19"><span class='ocrx_word' id='word_1_33' title='bbox 299 1361 334 1417; x_wconf 88' lang='lat' dir='ltr'><strong>et</strong></span> <span class='ocrx_word' id='word_1_34' title='bbox 349 1360 387 1416; x_wconf 92' lang='lat' dir='ltr'><strong>ut</strong></span> <span class='ocrx_word' id='word_1_35' title='bbox 402 1353 425 1416; x_wconf 89' lang='lat' dir='ltr'><strong>J</strong></span> <span class='ocrx_word' id='word_1_36' title='bbox 428 1353 566 1417; x_wconf 92' lang='lat' dir='ltr'><strong>ordanis</strong></span> <span class='ocrx_word' id='word_1_37' title='bbox 583 1352 707 1416; x_wconf 88' lang='lat' dir='ltr'><strong>influat</strong></span> <span class='ocrx_word' id='word_1_38' title='bbox 723 1354 760 1415; x_wconf 92' lang='lat' dir='ltr'><strong>in</strong></span> <span class='ocrx_word' id='word_1_39' title='bbox 776 1371 815 1416; x_wconf 95' lang='lat' dir='ltr'><strong>os</strong></span> <span class='ocrx_word' id='word_1_40' title='bbox 833 1352 920 1436; x_wconf 90' lang='lat' dir='ltr'><strong>ejus,</strong></span> <span class='ocrx_word' id='word_1_41' title='bbox 938 1372 1035 1416; x_wconf 89' lang='lat' dir='ltr'><strong>escas</strong></span> <span class='ocrx_word' id='word_1_42' title='bbox 1050 1352 1296 1435; x_wconf 87' lang='lat' dir='ltr'><strong>concupiscens</strong></span> <span class='ocrx_word' id='word_1_43' title='bbox 1310 1353 1401 1415; x_wconf 90' lang='lat' dir='ltr'><strong>elec-</strong></span> 
     </span>
     <span class='ocr_line' id='line_1_7' title="bbox 300 1452 1402 1536; baseline -0.002 -20"><span class='ocrx_word' id='word_1_44' title='bbox 300 1460 366 1530; x_wconf 90' lang='lat' dir='ltr'><strong>tas,</strong></span> <span class='ocrx_word' id='word_1_45' title='bbox 389 1452 457 1516; x_wconf 92' lang='lat' dir='ltr'><strong>illis</strong></span> <span class='ocrx_word' id='word_1_46' title='bbox 474 1452 564 1536; x_wconf 90' lang='lat' dir='ltr'><strong>jacit</strong></span> <span class='ocrx_word' id='word_1_47' title='bbox 578 1452 717 1535; x_wconf 83' lang='lat' dir='ltr'><strong>pedicas</strong></span> <span class='ocrx_word' id='word_1_48' title='bbox 740 1452 775 1514; x_wconf 90' lang='lat' dir='ltr'><strong>in</strong></span> <span class='ocrx_word' id='word_1_49' title='bbox 787 1452 974 1536; x_wconf 77' lang='lat' dir='ltr'><strong>Jacturam,</strong></span> <span class='ocrx_word' id='word_1_50' title='bbox 990 1453 1049 1535; x_wconf 93' lang='lat' dir='ltr'><strong>qui</strong></span> <span class='ocrx_word' id='word_1_51' title='bbox 1065 1459 1159 1516; x_wconf 91' lang='lat' dir='ltr'><strong>stare</strong></span> <span class='ocrx_word' id='word_1_52' title='bbox 1176 1452 1402 1535; x_wconf 89' lang='lat' dir='ltr'><strong>probabiliter</strong></span> 
     </span>
     <span class='ocr_line' id='line_1_8' title="bbox 302 1551 1400 1634; baseline 0 -20"><span class='ocrx_word' id='word_1_53' title='bbox 302 1552 522 1631; x_wconf 83' lang='lat' dir='ltr'><strong>videbantur3</strong></span> <span class='ocrx_word' id='word_1_54' title='bbox 541 1571 669 1634; x_wconf 88' lang='lat' dir='ltr'><strong>eosque</strong></span> <span class='ocrx_word' id='word_1_55' title='bbox 679 1552 783 1616; x_wconf 93' lang='lat' dir='ltr'><strong>variis</strong></span> <span class='ocrx_word' id='word_1_56' title='bbox 795 1551 987 1615; x_wconf 88' lang='lat' dir='ltr'><strong>incursibus</strong></span> <span class='ocrx_word' id='word_1_57' title='bbox 999 1572 1067 1615; x_wconf 92' lang='lat' dir='ltr'><strong>non</strong></span> <span class='ocrx_word' id='word_1_58' title='bbox 1080 1551 1205 1615; x_wconf 90' lang='lat' dir='ltr'><strong>desinit</strong></span> <span class='ocrx_word' id='word_1_59' title='bbox 1215 1559 1400 1630; x_wconf 89' lang='lat' dir='ltr'><strong>attentare,</strong></span> 
     </span>
     <span class='ocr_line' id='line_1_9' title="bbox 300 1651 1402 1737; baseline 0 -22"><span class='ocrx_word' id='word_1_60' title='bbox 300 1652 371 1734; x_wconf 93' lang='lat' dir='ltr'><strong>qui,</strong></span> <span class='ocrx_word' id='word_1_61' title='bbox 389 1660 428 1717; x_wconf 93' lang='lat' dir='ltr'><strong>nt</strong></span> <span class='ocrx_word' id='word_1_62' title='bbox 445 1652 520 1737; x_wconf 90' lang='lat' dir='ltr'><strong>ejus</strong></span> <span class='ocrx_word' id='word_1_63' title='bbox 533 1652 723 1732; x_wconf 86' lang='lat' dir='ltr'><strong>effugerent</strong></span> <span class='ocrx_word' id='word_1_64' title='bbox 739 1652 894 1734; x_wconf 90' lang='lat' dir='ltr'><strong>laqueos,</strong></span> <span class='ocrx_word' id='word_1_65' title='bbox 913 1672 950 1716; x_wconf 91' lang='lat' dir='ltr'><strong>se</strong></span> <span class='ocrx_word' id='word_1_66' title='bbox 967 1652 1002 1715; x_wconf 92' lang='lat' dir='ltr'><strong>iu</strong></span> <span class='ocrx_word' id='word_1_67' title='bbox 1020 1651 1263 1716; x_wconf 83' lang='lat' dir='ltr'><strong>claustralibus</strong></span> <span class='ocrx_word' id='word_1_68' title='bbox 1276 1652 1402 1715; x_wconf 91' lang='lat' dir='ltr'><strong>castris</strong></span> 
     </span>
     <span class='ocr_line' id='line_1_10' title="bbox 299 1750 1402 1835; baseline 0.001 -21"><span class='ocrx_word' id='word_1_69' title='bbox 299 1760 529 1835; x_wconf 88' lang='lat' dir='ltr'><strong>receptarunt.</strong></span> <span class='ocrx_word' id='word_1_70' title='bbox 581 1751 699 1830; x_wconf 81' lang='lat' dir='ltr'><strong>Quare</strong></span> <span class='ocrx_word' id='word_1_71' title='bbox 726 1771 800 1828; x_wconf 93' lang='lat' dir='ltr'><strong>nos,</strong></span> <span class='ocrx_word' id='word_1_72' title='bbox 827 1760 863 1815; x_wconf 89' lang='lat' dir='ltr'><strong>et</strong></span> <span class='ocrx_word' id='word_1_73' title='bbox 888 1750 988 1815; x_wconf 91' lang='lat' dir='ltr'><strong>istius</strong></span> <span class='ocrx_word' id='word_1_74' title='bbox 1014 1752 1155 1815; x_wconf 86' lang='lat' dir='ltr'><strong>obviare</strong></span> <span class='ocrx_word' id='word_1_75' title='bbox 1185 1751 1338 1829; x_wconf 87' lang='lat' dir='ltr'><strong>malitiae,</strong></span> <span class='ocrx_word' id='word_1_76' title='bbox 1364 1759 1402 1815; x_wconf 89' lang='lat' dir='ltr'><strong>et</strong></span> 
     </span>
     <span class='ocr_line' id='line_1_11' title="bbox 300 1850 1401 1934; baseline 0.001 -21"><span class='ocrx_word' id='word_1_77' title='bbox 300 1852 434 1929; x_wconf 90' lang='lat' dir='ltr'><strong>horum,</strong></span> <span class='ocrx_word' id='word_1_78' title='bbox 454 1860 557 1934; x_wconf 89' lang='lat' dir='ltr'><strong>prout</strong></span> <span class='ocrx_word' id='word_1_79' title='bbox 572 1852 717 1915; x_wconf 89' lang='lat' dir='ltr'><strong>interest</strong></span> <span class='ocrx_word' id='word_1_80' title='bbox 734 1858 865 1928; x_wconf 87' lang='lat' dir='ltr'><strong>nostra,</strong></span> <span class='ocrx_word' id='word_1_81' title='bbox 881 1852 986 1914; x_wconf 90' lang='lat' dir='ltr'><strong>saluti</strong></span> <span class='ocrx_word' id='word_1_82' title='bbox 1008 1850 1186 1914; x_wconf 90' lang='lat' dir='ltr'><strong>consulere</strong></span> <span class='ocrx_word' id='word_1_83' title='bbox 1209 1852 1401 1933; x_wconf 90' lang='lat' dir='ltr'><strong>cupientes,</strong></span> 
     </span>
     <span class='ocr_line' id='line_1_12' title="bbox 300 1951 1401 2034; baseline 0.002 -21"><span class='ocrx_word' id='word_1_84' title='bbox 300 1951 446 2016; x_wconf 91' lang='lat' dir='ltr'><strong>libenter</strong></span> <span class='ocrx_word' id='word_1_85' title='bbox 464 1951 625 2028; x_wconf 89' lang='lat' dir='ltr'><strong>remedia,</strong></span> <span class='ocrx_word' id='word_1_86' title='bbox 650 1971 727 2033; x_wconf 90' lang='lat' dir='ltr'><strong>quae</strong></span> <span class='ocrx_word' id='word_1_87' title='bbox 750 1970 946 2033; x_wconf 88' lang='lat' dir='ltr'><strong>possumus,</strong></span> <span class='ocrx_word' id='word_1_88' title='bbox 969 1970 1205 2033; x_wconf 89' lang='lat' dir='ltr'><strong>procuramus,</strong></span> <span class='ocrx_word' id='word_1_89' title='bbox 1225 1959 1264 2014; x_wconf 92' lang='lat' dir='ltr'><strong>ut</strong></span> <span class='ocrx_word' id='word_1_90' title='bbox 1281 1951 1401 2034; x_wconf 89' lang='lat' dir='ltr'><strong>praeda</strong></span> 
     </span>
     <span class='ocr_line' id='line_1_13' title="bbox 300 2050 1401 2134; baseline 0.001 -21"><span class='ocrx_word' id='word_1_91' title='bbox 300 2051 342 2114; x_wconf 91' lang='lat' dir='ltr'><strong>de</strong></span> <span class='ocrx_word' id='word_1_92' title='bbox 361 2052 454 2115; x_wconf 91' lang='lat' dir='ltr'><strong>illius</strong></span> <span class='ocrx_word' id='word_1_93' title='bbox 469 2051 625 2115; x_wconf 85' lang='lat' dir='ltr'><strong>faucibus</strong></span> <span class='ocrx_word' id='word_1_94' title='bbox 641 2050 824 2114; x_wconf 90' lang='lat' dir='ltr'><strong>auferatur.</strong></span> <span class='ocrx_word' id='word_1_95' title='bbox 873 2050 1104 2131; x_wconf 88' lang='lat' dir='ltr'><strong>Intelligimus</strong></span> <span class='ocrx_word' id='word_1_96' title='bbox 1122 2050 1289 2133; x_wconf 93' lang='lat' dir='ltr'><strong>siqnidem</strong></span> <span class='ocrx_word' id='word_1_97' title='bbox 1304 2051 1401 2134; x_wconf 92' lang='lat' dir='ltr'><strong>qnod</strong></span> 
     </span>
     <span class='ocr_line' id='line_1_14' title="bbox 301 2150 1401 2232; baseline 0.001 -19"><span class='ocrx_word' id='word_1_98' title='bbox 301 2152 467 2214; x_wconf 89' lang='lat' dir='ltr'><strong>nonnulla</strong></span> <span class='ocrx_word' id='word_1_99' title='bbox 489 2152 699 2215; x_wconf 88' lang='lat' dir='ltr'><strong>monasteria</strong></span> <span class='ocrx_word' id='word_1_100' title='bbox 725 2158 889 2232; x_wconf 88' lang='lat' dir='ltr'><strong>exempta</strong></span> <span class='ocrx_word' id='word_1_101' title='bbox 913 2150 1172 2215; x_wconf 88' lang='lat' dir='ltr'><strong>Cantuariensis</strong></span> <span class='ocrx_word' id='word_1_102' title='bbox 1195 2150 1342 2215; x_wconf 91' lang='lat' dir='ltr'><strong>diocesis</strong></span> <span class='ocrx_word' id='word_1_103' title='bbox 1364 2152 1401 2214; x_wconf 93' lang='lat' dir='ltr'><strong>in</strong></span> 
     </span>
     <span class='ocr_line' id='line_1_15' title="bbox 300 2250 1450 2332; baseline 0.003 -21"><span class='ocrx_word' id='word_1_104' title='bbox 300 2251 535 2331; x_wconf 90' lang='lat' dir='ltr'><strong>spiritualibus</strong></span> <span class='ocrx_word' id='word_1_105' title='bbox 558 2250 748 2314; x_wconf 86' lang='lat' dir='ltr'><strong>deformata</strong></span> <span class='ocrx_word' id='word_1_106' title='bbox 772 2258 808 2314; x_wconf 92' lang='lat' dir='ltr'><strong>et</strong></span> <span class='ocrx_word' id='word_1_107' title='bbox 828 2252 865 2313; x_wconf 90' lang='lat' dir='ltr'><strong>in</strong></span> <span class='ocrx_word' id='word_1_108' title='bbox 888 2250 1135 2332; x_wconf 90' lang='lat' dir='ltr'><strong>temporalibus</strong></span> <span class='ocrx_word' id='word_1_109' title='bbox 1153 2250 1224 2313; x_wconf 89' lang='lat' dir='ltr'><strong>sint</strong></span> <span class='ocrx_word' id='word_1_110' title='bbox 1246 2251 1402 2331; x_wconf 89' lang='lat' dir='ltr'><strong>graviter</strong></span> <span class='ocrx_word' id='word_1_111' title='bbox 1446 2310 1450 2316; x_wconf 83' lang='lat'><strong>.</strong></span> 
     </span>
     <span class='ocr_line' id='line_1_16' title="bbox 300 2348 1401 2426; baseline 0.005 -16"><span class='ocrx_word' id='word_1_112' title='bbox 300 2348 481 2425; x_wconf 90' lang='lat' dir='ltr'><strong>diminuta,</strong></span> <span class='ocrx_word' id='word_1_113' title='bbox 511 2350 592 2413; x_wconf 94' lang='lat' dir='ltr'><strong>dnm</strong></span> <span class='ocrx_word' id='word_1_114' title='bbox 621 2350 779 2412; x_wconf 90' lang='lat' dir='ltr'><strong>monachi</strong></span> <span class='ocrx_word' id='word_1_115' title='bbox 811 2359 846 2414; x_wconf 91' lang='lat' dir='ltr'><strong>et</strong></span> <span class='ocrx_word' id='word_1_116' title='bbox 878 2350 1043 2413; x_wconf 89' lang='lat' dir='ltr'><strong>moniales</strong></span> <span class='ocrx_word' id='word_1_117' title='bbox 1072 2369 1202 2426; x_wconf 90' lang='lat' dir='ltr'><strong>eorum,</strong></span> <span class='ocrx_word' id='word_1_118' title='bbox 1228 2350 1401 2415; x_wconf 88' lang='lat' dir='ltr'><strong>diabolica</strong></span> 
     </span>
     <span class='ocr_line' id='line_1_17' title="bbox 300 2449 1400 2530; baseline 0.003 -19"><span class='ocrx_word' id='word_1_119' title='bbox 300 2450 524 2530; x_wconf 83' lang='lat' dir='ltr'><strong>suggestione</strong></span> <span class='ocrx_word' id='word_1_120' title='bbox 551 2449 696 2525; x_wconf 91' lang='lat' dir='ltr'><strong>seducti,</strong></span> <span class='ocrx_word' id='word_1_121' title='bbox 723 2450 937 2512; x_wconf 90' lang='lat' dir='ltr'><strong>immemores</strong></span> <span class='ocrx_word' id='word_1_122' title='bbox 964 2450 1058 2530; x_wconf 92' lang='lat' dir='ltr'><strong>pacti</strong></span> <span class='ocrx_word' id='word_1_123' title='bbox 1081 2449 1220 2513; x_wconf 89' lang='lat' dir='ltr'><strong>Domini</strong></span> <span class='ocrx_word' id='word_1_124' title='bbox 1240 2450 1309 2514; x_wconf 90' lang='lat' dir='ltr'><strong>Dei</strong></span> <span class='ocrx_word' id='word_1_125' title='bbox 1333 2452 1400 2529; x_wconf 91' lang='lat' dir='ltr'><strong>sui,</strong></span> 
     </span>
     <span class='ocr_line' id='line_1_18' title="bbox 300 2548 1399 2631; baseline 0.005 -21"><span class='ocrx_word' id='word_1_126' title='bbox 300 2568 369 2629; x_wconf 91' lang='lat' dir='ltr'><strong>quo</strong></span> <span class='ocrx_word' id='word_1_127' title='bbox 387 2569 454 2612; x_wconf 92' lang='lat' dir='ltr'><strong>non</strong></span> <span class='ocrx_word' id='word_1_128' title='bbox 473 2549 586 2612; x_wconf 92' lang='lat' dir='ltr'><strong>solum</strong></span> <span class='ocrx_word' id='word_1_129' title='bbox 602 2568 667 2611; x_wconf 91' lang='lat' dir='ltr'><strong>sua</strong></span> <span class='ocrx_word' id='word_1_130' title='bbox 688 2549 747 2610; x_wconf 91' lang='lat' dir='ltr'><strong>sed</strong></span> <span class='ocrx_word' id='word_1_131' title='bbox 766 2550 898 2630; x_wconf 91' lang='lat' dir='ltr'><strong>seipsos</strong></span> <span class='ocrx_word' id='word_1_132' title='bbox 919 2548 1132 2631; x_wconf 88' lang='lat' dir='ltr'><strong>professione</strong></span> <span class='ocrx_word' id='word_1_133' title='bbox 1147 2550 1277 2613; x_wconf 91' lang='lat' dir='ltr'><strong>ordinis</strong></span> <span class='ocrx_word' id='word_1_134' title='bbox 1294 2550 1399 2615; x_wconf 89' lang='lat' dir='ltr'><strong>abne-</strong></span> 
     </span>
     <span class='ocr_line' id='line_1_19' title="bbox 300 2648 1399 2729; baseline 0.001 -17"><span class='ocrx_word' id='word_1_135' title='bbox 300 2657 439 2728; x_wconf 91' lang='lat' dir='ltr'><strong>garunt,</strong></span> <span class='ocrx_word' id='word_1_136' title='bbox 453 2668 516 2712; x_wconf 88' lang='lat' dir='ltr'><strong>nec</strong></span> <span class='ocrx_word' id='word_1_137' title='bbox 535 2649 680 2712; x_wconf 84' lang='lat' dir='ltr'><strong>Ananiae</strong></span> <span class='ocrx_word' id='word_1_138' title='bbox 696 2656 732 2711; x_wconf 88' lang='lat' dir='ltr'><strong>et</strong></span> <span class='ocrx_word' id='word_1_139' title='bbox 749 2648 905 2729; x_wconf 85' lang='lat' dir='ltr'><strong>Saphirae</strong></span> <span class='ocrx_word' id='word_1_140' title='bbox 920 2650 1040 2712; x_wconf 89' lang='lat' dir='ltr'><strong>mortis</strong></span> <span class='ocrx_word' id='word_1_141' title='bbox 1061 2650 1265 2713; x_wconf 90' lang='lat' dir='ltr'><strong>sententiam</strong></span> <span class='ocrx_word' id='word_1_142' title='bbox 1281 2650 1399 2713; x_wconf 88' lang='lat' dir='ltr'><strong>formi-</strong></span> 
     </span>
     <span class='ocr_line' id='line_1_20' title="bbox 300 2748 1400 2826; baseline 0.004 -15"><span class='ocrx_word' id='word_1_143' title='bbox 300 2748 435 2824; x_wconf 67' lang='lat' dir='ltr'><strong>dantes</strong></span> <span class='ocrx_word' id='word_1_144' title='bbox 457 2770 525 2813; x_wconf 89' lang='lat' dir='ltr'><strong>non</strong></span> <span class='ocrx_word' id='word_1_145' title='bbox 544 2751 617 2813; x_wconf 90' lang='lat' dir='ltr'><strong>sine</strong></span> <span class='ocrx_word' id='word_1_146' title='bbox 632 2748 715 2812; x_wconf 90' lang='lat' dir='ltr'><strong>furti</strong></span> <span class='ocrx_word' id='word_1_147' title='bbox 733 2756 816 2813; x_wconf 91' lang='lat' dir='ltr'><strong>nota</strong></span> <span class='ocrx_word' id='word_1_148' title='bbox 833 2756 867 2813; x_wconf 91' lang='lat' dir='ltr'><strong>ct</strong></span> <span class='ocrx_word' id='word_1_149' title='bbox 884 2768 988 2826; x_wconf 86' lang='lat' dir='ltr'><strong>noxa,</strong></span> <span class='ocrx_word' id='word_1_150' title='bbox 1006 2748 1291 2813; x_wconf 91' lang='lat' dir='ltr'><strong>monasteriorum</strong></span> <span class='ocrx_word' id='word_1_151' title='bbox 1307 2749 1400 2815; x_wconf 92' lang='lat' dir='ltr'><strong>bona</strong></span> 
     </span>
     <span class='ocr_line' id='line_1_21' title="bbox 300 2849 1399 2932; baseline 0.003 -21"><span class='ocrx_word' id='word_1_152' title='bbox 300 2849 485 2932; x_wconf 89' lang='lat' dir='ltr'><strong>improprie</strong></span> <span class='ocrx_word' id='word_1_153' title='bbox 512 2851 577 2913; x_wconf 91' lang='lat' dir='ltr'><strong>sibi</strong></span> <span class='ocrx_word' id='word_1_154' title='bbox 609 2850 834 2931; x_wconf 89' lang='lat' dir='ltr'><strong>appropriant</strong></span> <span class='ocrx_word' id='word_1_155' title='bbox 860 2856 895 2912; x_wconf 91' lang='lat' dir='ltr'><strong>et</strong></span> <span class='ocrx_word' id='word_1_156' title='bbox 922 2855 1106 2924; x_wconf 90' lang='lat' dir='ltr'><strong>retentant,</strong></span> <span class='ocrx_word' id='word_1_157' title='bbox 1132 2856 1305 2913; x_wconf 85' lang='lat' dir='ltr'><strong>venantur</strong></span> <span class='ocrx_word' id='word_1_158' title='bbox 1330 2871 1399 2914; x_wconf 91' lang='lat' dir='ltr'><strong>non</strong></span> 
     </span>
     <span class='ocr_line' id='line_1_22' title="bbox 300 2948 1399 3030; baseline 0.004 -20"><span class='ocrx_word' id='word_1_159' title='bbox 300 2950 482 3012; x_wconf 91' lang='lat' dir='ltr'><strong>venialiter</strong></span> <span class='ocrx_word' id='word_1_160' title='bbox 508 2950 605 3012; x_wconf 89' lang='lat' dir='ltr'><strong>lucra</strong></span> <span class='ocrx_word' id='word_1_161' title='bbox 638 2949 837 3030; x_wconf 90' lang='lat' dir='ltr'><strong>pecuniaria</strong></span> <span class='ocrx_word' id='word_1_162' title='bbox 863 2948 1091 3011; x_wconf 90' lang='lat' dir='ltr'><strong>mercimoniis</strong></span> <span class='ocrx_word' id='word_1_163' title='bbox 1117 2955 1153 3012; x_wconf 91' lang='lat' dir='ltr'><strong>et</strong></span> <span class='ocrx_word' id='word_1_164' title='bbox 1183 2949 1309 3026; x_wconf 91' lang='lat' dir='ltr'><strong>usuris,</strong></span> <span class='ocrx_word' id='word_1_165' title='bbox 1338 2951 1399 3014; x_wconf 90' lang='lat' dir='ltr'><strong>sed</strong></span> 
     </span>
     <span class='ocr_line' id='line_1_23' title="bbox 301 3046 1400 3131; baseline 0.004 -22"><span class='ocrx_word' id='word_1_166' title='bbox 301 3055 336 3109; x_wconf 90' lang='lat' dir='ltr'><strong>et</strong></span> <span class='ocrx_word' id='word_1_167' title='bbox 350 3047 532 3129; x_wconf 91' lang='lat' dir='ltr'><strong>disciplina</strong></span> <span class='ocrx_word' id='word_1_168' title='bbox 549 3049 740 3111; x_wconf 89' lang='lat' dir='ltr'><strong>monastica</strong></span> <span class='ocrx_word' id='word_1_169' title='bbox 754 3046 882 3110; x_wconf 90' lang='lat' dir='ltr'><strong>ordinis</strong></span> <span class='ocrx_word' id='word_1_170' title='bbox 901 3046 1076 3129; x_wconf 90' lang='lat' dir='ltr'><strong>profligati</strong></span> <span class='ocrx_word' id='word_1_171' title='bbox 1099 3067 1255 3130; x_wconf 88' lang='lat' dir='ltr'><strong>personae</strong></span> <span class='ocrx_word' id='word_1_172' title='bbox 1277 3056 1400 3131; x_wconf 87' lang='lat' dir='ltr'><strong>patent</strong></span> 
     </span>
     <span class='ocr_line' id='line_1_24' title="bbox 301 3145 1399 3228; baseline 0.004 -20"><span class='ocrx_word' id='word_1_173' title='bbox 301 3148 513 3228; x_wconf 91' lang='lat' dir='ltr'><strong>contemptui</strong></span> <span class='ocrx_word' id='word_1_174' title='bbox 538 3154 573 3210; x_wconf 91' lang='lat' dir='ltr'><strong>et</strong></span> <span class='ocrx_word' id='word_1_175' title='bbox 596 3147 717 3228; x_wconf 90' lang='lat' dir='ltr'><strong>religio</strong></span> <span class='ocrx_word' id='word_1_176' title='bbox 741 3145 1010 3227; x_wconf 87' lang='lat' dir='ltr'><strong>blasphematur.</strong></span> <span class='ocrx_word' id='word_1_177' title='bbox 1063 3147 1118 3211; x_wconf 90' lang='lat' dir='ltr'><strong>Ne</strong></span> <span class='ocrx_word' id='word_1_178' title='bbox 1146 3148 1253 3228; x_wconf 88' lang='lat' dir='ltr'><strong>igitur</strong></span> <span class='ocrx_word' id='word_1_179' title='bbox 1278 3149 1399 3212; x_wconf 90' lang='lat' dir='ltr'><strong>talium</strong></span> 
     </span>
     <span class='ocr_line' id='line_1_25' title="bbox 301 3245 1400 3331; baseline 0.004 -22"><span class='ocrx_word' id='word_1_180' title='bbox 301 3245 421 3328; x_wconf 85' lang='lat' dir='ltr'><strong>culpas</strong></span> <span class='ocrx_word' id='word_1_181' title='bbox 444 3254 580 3310; x_wconf 88' lang='lat' dir='ltr'><strong>nostras</strong></span> <span class='ocrx_word' id='word_1_182' title='bbox 605 3245 736 3310; x_wconf 88' lang='lat' dir='ltr'><strong>efficere</strong></span> <span class='ocrx_word' id='word_1_183' title='bbox 763 3247 940 3309; x_wconf 91' lang='lat' dir='ltr'><strong>videamur</strong></span> <span class='ocrx_word' id='word_1_184' title='bbox 967 3247 1047 3308; x_wconf 92' lang='lat' dir='ltr'><strong>dum</strong></span> <span class='ocrx_word' id='word_1_185' title='bbox 1074 3267 1133 3310; x_wconf 89' lang='lat' dir='ltr'><strong>eas</strong></span> <span class='ocrx_word' id='word_1_186' title='bbox 1161 3247 1400 3331; x_wconf 90' lang='lat' dir='ltr'><strong>reliquerimus</strong></span> 
     </span>
     <span class='ocr_line' id='line_1_26' title="bbox 300 3345 1398 3424; baseline 0.005 -18"><span class='ocrx_word' id='word_1_187' title='bbox 300 3345 521 3424; x_wconf 88' lang='lat' dir='ltr'><strong>incorrectas,</strong></span> <span class='ocrx_word' id='word_1_188' title='bbox 536 3346 782 3422; x_wconf 87' lang='lat' dir='ltr'><strong>visitationem,</strong></span> <span class='ocrx_word' id='word_1_189' title='bbox 798 3346 1056 3423; x_wconf 88' lang='lat' dir='ltr'><strong>correctionem,</strong></span> <span class='ocrx_word' id='word_1_190' title='bbox 1072 3355 1107 3410; x_wconf 89' lang='lat' dir='ltr'><strong>et</strong></span> <span class='ocrx_word' id='word_1_191' title='bbox 1123 3347 1398 3412; x_wconf 88' lang='lat' dir='ltr'><strong>reformationem</strong></span> 
     </span>
     <span class='ocr_line' id='line_1_27' title="bbox 301 3446 1398 3527; baseline 0.003 -20"><span class='ocrx_word' id='word_1_192' title='bbox 301 3447 584 3509; x_wconf 89' lang='lat' dir='ltr'><strong>monasteriorum</strong></span> <span class='ocrx_word' id='word_1_193' title='bbox 601 3448 767 3527; x_wconf 92' lang='lat' dir='ltr'><strong>ipsorum,</strong></span> <span class='ocrx_word' id='word_1_194' title='bbox 786 3453 857 3509; x_wconf 92' lang='lat' dir='ltr'><strong>tam</strong></span> <span class='ocrx_word' id='word_1_195' title='bbox 873 3447 909 3508; x_wconf 90' lang='lat' dir='ltr'><strong>in</strong></span> <span class='ocrx_word' id='word_1_196' title='bbox 925 3447 1038 3527; x_wconf 92' lang='lat' dir='ltr'><strong>capite</strong></span> <span class='ocrx_word' id='word_1_197' title='bbox 1056 3465 1158 3527; x_wconf 91' lang='lat' dir='ltr'><strong>quam</strong></span> <span class='ocrx_word' id='word_1_198' title='bbox 1176 3446 1212 3507; x_wconf 93' lang='lat' dir='ltr'><strong>in</strong></span> <span class='ocrx_word' id='word_1_199' title='bbox 1228 3448 1398 3525; x_wconf 89' lang='lat' dir='ltr'><strong>membris,</strong></span> 
     </span>
     <span class='ocr_line' id='line_1_28' title="bbox 302 3545 1398 3627; baseline 0.004 -21"><span class='ocrx_word' id='word_1_200' title='bbox 302 3545 411 3622; x_wconf 88' lang='lat' dir='ltr'><strong>vobis,</strong></span> <span class='ocrx_word' id='word_1_201' title='bbox 438 3545 480 3608; x_wconf 91' lang='lat' dir='ltr'><strong>de</strong></span> <span class='ocrx_word' id='word_1_202' title='bbox 501 3566 645 3627; x_wconf 90' lang='lat' dir='ltr'><strong>quorum</strong></span> <span class='ocrx_word' id='word_1_203' title='bbox 667 3546 733 3609; x_wconf 90' lang='lat' dir='ltr'><strong>fide</strong></span> <span class='ocrx_word' id='word_1_204' title='bbox 760 3565 800 3608; x_wconf 88' lang='lat' dir='ltr'><strong>ac</strong></span> <span class='ocrx_word' id='word_1_205' title='bbox 824 3546 1030 3609; x_wconf 90' lang='lat' dir='ltr'><strong>discretione</strong></span> <span class='ocrx_word' id='word_1_206' title='bbox 1054 3545 1283 3610; x_wconf 92' lang='lat' dir='ltr'><strong>indubitatam</strong></span> <span class='ocrx_word' id='word_1_207' title='bbox 1310 3546 1398 3611; x_wconf 89' lang='lat' dir='ltr'><strong>fidu-</strong></span> 
     </span>
     <span class='ocr_line' id='line_1_29' title="bbox 300 3644 1399 3725; baseline 0.004 -20"><span class='ocrx_word' id='word_1_208' title='bbox 300 3644 388 3706; x_wconf 88' lang='lat' dir='ltr'><strong>ciam</strong></span> <span class='ocrx_word' id='word_1_209' title='bbox 411 3646 616 3722; x_wconf 91' lang='lat' dir='ltr'><strong>obtinemus,</strong></span> <span class='ocrx_word' id='word_1_210' title='bbox 644 3664 748 3725; x_wconf 89' lang='lat' dir='ltr'><strong>super</strong></span> <span class='ocrx_word' id='word_1_211' title='bbox 777 3645 830 3708; x_wconf 90' lang='lat' dir='ltr'><strong>his</strong></span> <span class='ocrx_word' id='word_1_212' title='bbox 860 3652 895 3707; x_wconf 89' lang='lat' dir='ltr'><strong>et</strong></span> <span class='ocrx_word' id='word_1_213' title='bbox 923 3645 1001 3707; x_wconf 89' lang='lat' dir='ltr'><strong>aliis</strong></span> <span class='ocrx_word' id='word_1_214' title='bbox 1025 3645 1269 3709; x_wconf 91' lang='lat' dir='ltr'><strong>committimus</strong></span> <span class='ocrx_word' id='word_1_215' title='bbox 1294 3647 1399 3709; x_wconf 90' lang='lat' dir='ltr'><strong>confi·</strong></span> 
     </span>
     <span class='ocr_line' id='line_1_30' title="bbox 300 3742 1399 3826; baseline 0.005 -22"><span class='ocrx_word' id='word_1_216' title='bbox 300 3742 445 3818; x_wconf 90' lang='lat' dir='ltr'><strong>denter;</strong></span> <span class='ocrx_word' id='word_1_217' title='bbox 486 3763 648 3806; x_wconf 86' lang='lat' dir='ltr'><strong>concessa</strong></span> <span class='ocrx_word' id='word_1_218' title='bbox 680 3744 779 3805; x_wconf 91' lang='lat' dir='ltr'><strong>vobis</strong></span> <span class='ocrx_word' id='word_1_219' title='bbox 813 3763 917 3824; x_wconf 88' lang='lat' dir='ltr'><strong>super</strong></span> <span class='ocrx_word' id='word_1_220' title='bbox 950 3744 1135 3824; x_wconf 87' lang='lat' dir='ltr'><strong>praedictis,</strong></span> <span class='ocrx_word' id='word_1_221' title='bbox 1167 3745 1399 3826; x_wconf 87' lang='lat' dir='ltr'><strong>appellatione</strong></span> 
     </span>
     <span class='ocr_line' id='line_1_31' title="bbox 302 3841 1399 3928; baseline 0.006 -26"><span class='ocrx_word' id='word_1_222' title='bbox 302 3849 445 3916; x_wconf 88' lang='lat' dir='ltr'><strong>remota,</strong></span> <span class='ocrx_word' id='word_1_223' title='bbox 489 3841 644 3922; x_wconf 89' lang='lat' dir='ltr'><strong>plenaria</strong></span> <span class='ocrx_word' id='word_1_224' title='bbox 678 3847 863 3924; x_wconf 88' lang='lat' dir='ltr'><strong>potestate,</strong></span> <span class='ocrx_word' id='word_1_225' title='bbox 902 3861 942 3905; x_wconf 89' lang='lat' dir='ltr'><strong>ac</strong></span> <span class='ocrx_word' id='word_1_226' title='bbox 975 3845 1116 3907; x_wconf 90' lang='lat' dir='ltr'><strong>statutis</strong></span> <span class='ocrx_word' id='word_1_227' title='bbox 1149 3844 1185 3906; x_wconf 94' lang='lat' dir='ltr'><strong>in</strong></span> <span class='ocrx_word' id='word_1_228' title='bbox 1219 3844 1399 3928; x_wconf 89' lang='lat' dir='ltr'><strong>principali</strong></span> 
     </span>
     <span class='ocr_line' id='line_1_32' title="bbox 300 3940 1398 4021; baseline 0.004 -18"><span class='ocrx_word' id='word_1_229' title='bbox 300 3940 454 4021; x_wconf 93' lang='lat' dir='ltr'><strong>capitulo</strong></span> <span class='ocrx_word' id='word_1_230' title='bbox 477 3941 541 4003; x_wconf 92' lang='lat' dir='ltr'><strong>rite</strong></span> <span class='ocrx_word' id='word_1_231' title='bbox 565 3940 665 4005; x_wconf 86' lang='lat' dir='ltr'><strong>factis</strong></span> <span class='ocrx_word' id='word_1_232' title='bbox 687 3942 723 4004; x_wconf 89' lang='lat' dir='ltr'><strong>in</strong></span> <span class='ocrx_word' id='word_1_233' title='bbox 743 3960 806 4004; x_wconf 91' lang='lat' dir='ltr'><strong>suo</strong></span> <span class='ocrx_word' id='word_1_234' title='bbox 834 3942 955 4005; x_wconf 89' lang='lat' dir='ltr'><strong>robore</strong></span> <span class='ocrx_word' id='word_1_235' title='bbox 979 3943 1196 4006; x_wconf 90' lang='lat' dir='ltr'><strong>nihilominus</strong></span> <span class='ocrx_word' id='word_1_236' title='bbox 1214 3944 1398 4008; x_wconf 90' lang='lat' dir='ltr'><strong>duraturis.</strong></span> 
     </span>
     <span class='ocr_line' id='line_1_33' title="bbox 302 4040 1401 4124; baseline 0.005 -21"><span class='ocrx_word' id='word_1_237' title='bbox 302 4040 474 4118; x_wconf 85' lang='lat' dir='ltr'><strong>Quocirca</strong></span> <span class='ocrx_word' id='word_1_238' title='bbox 498 4040 735 4105; x_wconf 87' lang='lat' dir='ltr'><strong>discretionem</strong></span> <span class='ocrx_word' id='word_1_239' title='bbox 762 4050 912 4105; x_wconf 89' lang='lat' dir='ltr'><strong>vestram</strong></span> <span class='ocrx_word' id='word_1_240' title='bbox 937 4062 1099 4124; x_wconf 87' lang='lat' dir='ltr'><strong>rogamus</strong></span> <span class='ocrx_word' id='word_1_241' title='bbox 1121 4052 1157 4107; x_wconf 91' lang='lat' dir='ltr'><strong>et</strong></span> <span class='ocrx_word' id='word_1_242' title='bbox 1176 4043 1401 4108; x_wconf 89' lang='lat' dir='ltr'><strong>exhortamur</strong></span> 
     </span>
     <span class='ocr_line' id='line_1_34' title="bbox 301 4142 1400 4224; baseline 0.005 -20"><span class='ocrx_word' id='word_1_243' title='bbox 301 4148 444 4218; x_wconf 87' lang='lat' dir='ltr'><strong>attente,</strong></span> <span class='ocrx_word' id='word_1_244' title='bbox 459 4161 520 4224; x_wconf 88' lang='lat' dir='ltr'><strong>per</strong></span> <span class='ocrx_word' id='word_1_245' title='bbox 529 4142 720 4223; x_wconf 88' lang='lat' dir='ltr'><strong>apostolica</strong></span> <span class='ocrx_word' id='word_1_246' title='bbox 737 4143 835 4205; x_wconf 90' lang='lat' dir='ltr'><strong>vobis</strong></span> <span class='ocrx_word' id='word_1_247' title='bbox 851 4142 981 4224; x_wconf 90' lang='lat' dir='ltr'><strong>scripta</strong></span> <span class='ocrx_word' id='word_1_248' title='bbox 996 4142 1032 4204; x_wconf 94' lang='lat' dir='ltr'><strong>in</strong></span> <span class='ocrx_word' id='word_1_249' title='bbox 1049 4142 1177 4206; x_wconf 91' lang='lat' dir='ltr'><strong>virtute</strong></span> <span class='ocrx_word' id='word_1_250' title='bbox 1195 4143 1400 4209; x_wconf 89' lang='lat' dir='ltr'><strong>obedientiae</strong></span> 
     </span>
     <span class='ocr_line' id='line_1_35' title="bbox 301 4241 1400 4324; baseline 0.004 -21"><span class='ocrx_word' id='word_1_251' title='bbox 301 4241 456 4304; x_wconf 90' lang='lat' dir='ltr'><strong>districte</strong></span> <span class='ocrx_word' id='word_1_252' title='bbox 499 4241 726 4322; x_wconf 87' lang='lat' dir='ltr'><strong>praecipiendo</strong></span> <span class='ocrx_word' id='word_1_253' title='bbox 763 4241 977 4317; x_wconf 89' lang='lat' dir='ltr'><strong>mandantes,</strong></span> <span class='ocrx_word' id='word_1_254' title='bbox 1015 4249 1186 4323; x_wconf 89' lang='lat' dir='ltr'><strong>quatenus</strong></span> <span class='ocrx_word' id='word_1_255' title='bbox 1219 4245 1400 4324; x_wconf 87' lang='lat' dir='ltr'><strong>praemissa</strong></span> 
     </span>
     <span class='ocr_line' id='line_1_36' title="bbox 296 4340 1399 4435; baseline 0.007 -35"><span class='ocrx_word' id='word_1_256' title='bbox 296 4340 403 4421; x_wconf 83' lang='lat' dir='ltr'><strong>juxta</strong></span> <span class='ocrx_word' id='word_1_257' title='bbox 419 4360 514 4421; x_wconf 91' lang='lat' dir='ltr'><strong>spem</strong></span> <span class='ocrx_word' id='word_1_258' title='bbox 533 4348 686 4404; x_wconf 91' lang='lat' dir='ltr'><strong>nostram</strong></span> <span class='ocrx_word' id='word_1_259' title='bbox 705 4340 821 4404; x_wconf 88' lang='lat' dir='ltr'><strong>taliter</strong></span> <span class='ocrx_word' id='word_1_260' title='bbox 845 4341 988 4423; x_wconf 88' lang='lat' dir='ltr'><strong>exsequi</strong></span> <span class='ocrx_word' id='word_1_261' title='bbox 1008 4341 1190 4418; x_wconf 89' lang='lat' dir='ltr'><strong>studeatis,</strong></span> <span class='ocrx_word' id='word_1_262' title='bbox 1207 4342 1299 4435; x_wconf 89' lang='lat' dir='ltr'><strong>quod</strong></span> <span class='ocrx_word' id='word_1_263' title='bbox 1321 4343 1399 4408; x_wconf 91' lang='lat' dir='ltr'><strong>Deo</strong></span> 
     </span>
     <span class='ocr_line' id='line_1_37' title="bbox 301 4440 1399 4522; baseline 0.005 -22"><span class='ocrx_word' id='word_1_264' title='bbox 301 4446 438 4520; x_wconf 90' lang='lat' dir='ltr'><strong>gratum</strong></span> <span class='ocrx_word' id='word_1_265' title='bbox 456 4447 491 4501; x_wconf 90' lang='lat' dir='ltr'><strong>et</strong></span> <span class='ocrx_word' id='word_1_266' title='bbox 508 4440 606 4502; x_wconf 90' lang='lat' dir='ltr'><strong>nobis</strong></span> <span class='ocrx_word' id='word_1_267' title='bbox 629 4448 746 4521; x_wconf 90' lang='lat' dir='ltr'><strong>posset</strong></span> <span class='ocrx_word' id='word_1_268' title='bbox 766 4459 840 4503; x_wconf 89' lang='lat' dir='ltr'><strong>esse</strong></span> <span class='ocrx_word' id='word_1_269' title='bbox 863 4447 1051 4522; x_wconf 88' lang='lat' dir='ltr'><strong>acceptum.</strong></span> <span class='ocrx_word' id='word_1_270' title='bbox 1105 4440 1399 4521; x_wconf 65' lang='lat' dir='ltr'><strong>contradictores</strong></span> 
     </span>
     <span class='ocr_line' id='line_1_38' title="bbox 300 4538 1400 4623; baseline 0.006 -23"><span class='ocrx_word' id='word_1_271' title='bbox 300 4539 330 4600; x_wconf 94' lang='lat' dir='ltr'><strong>si</strong></span> <span class='ocrx_word' id='word_1_272' title='bbox 348 4538 406 4620; x_wconf 95' lang='lat' dir='ltr'><strong>qui</strong></span> <span class='ocrx_word' id='word_1_273' title='bbox 424 4538 562 4615; x_wconf 87' lang='lat' dir='ltr'><strong>fuerint,</strong></span> <span class='ocrx_word' id='word_1_274' title='bbox 578 4558 641 4620; x_wconf 88' lang='lat' dir='ltr'><strong>per</strong></span> <span class='ocrx_word' id='word_1_275' title='bbox 663 4559 841 4603; x_wconf 90' lang='lat' dir='ltr'><strong>censuram</strong></span> <span class='ocrx_word' id='word_1_276' title='bbox 865 4539 1144 4617; x_wconf 86' lang='lat' dir='ltr'><strong>ecclesiasticam,</strong></span> <span class='ocrx_word' id='word_1_277' title='bbox 1168 4541 1400 4623; x_wconf 89' lang='lat' dir='ltr'><strong>appellatione</strong></span> 
     </span>
    </p>
   </div>
   <div class='ocr_carea' id='block_1_3' title="bbox 0 0 1696 5625">
    <p class='ocr_par' dir='ltr' id='par_1_3' title="bbox 0 0 1696 5625">
     <span class='ocr_line' id='line_1_39' title="bbox 0 0 1696 5625; baseline 0 0"><span class='ocrx_word' id='word_1_278' title='bbox 0 0 1696 5625; x_wconf 95' lang='lat' dir='ltr'><strong> </strong></span> 
     </span>
    </p>
   </div>
  </div>
 </body>
</html>
