<?xml version="1.0" encoding="UTF-8"?>
<!DOCTYPE html PUBLIC "-//W3C//DTD XHTML 1.0 Transitional//EN"
    "http://www.w3.org/TR/xhtml1/DTD/xhtml1-transitional.dtd">
<html xmlns="http://www.w3.org/1999/xhtml" xml:lang="en" lang="en">
 <head>
  <title>
</title>
<meta http-equiv="Content-Type" content="text/html;charset=utf-8" />
  <meta name='ocr-system' content='tesseract 3.04.00' />
  <meta name='ocr-capabilities' content='ocr_page ocr_carea ocr_par ocr_line ocrx_word'/>
</head>
<body>
  <div class='ocr_page' id='page_1' title='image "./rogeridewendove00rogegoog_0256.png"; bbox 0 0 3384 5625; ppageno 0'>
   <div class='ocr_carea' id='block_1_1' title="bbox 296 772 1034 840">
    <p class='ocr_par' dir='ltr' id='par_1_1' title="bbox 296 772 1034 840">
     <span class='ocr_line' id='line_1_1' title="bbox 296 772 1034 840; baseline 0.011 -12"><span class='ocrx_word' id='word_1_1' title='bbox 296 772 363 837; x_wconf 73' lang='grc'><strong>234</strong></span> <span class='ocrx_word' id='word_1_2' title='bbox 670 786 872 835; x_wconf 76' lang='lat' dir='ltr'><strong>tnorrortns</strong></span> <span class='ocrx_word' id='word_1_3' title='bbox 900 787 1034 840; x_wconf 65' lang='lat' dir='ltr'><strong>vaula.</strong></span> 
     </span>
    </p>
   </div>
   <div class='ocr_carea' id='block_1_2' title="bbox 298 967 1404 1252">
    <p class='ocr_par' dir='ltr' id='par_1_2' title="bbox 298 967 1404 1252">
     <span class='ocr_line' id='line_1_2' title="bbox 299 967 1404 1052; baseline 0.005 -21"><span class='ocrx_word' id='word_1_4' title='bbox 299 988 376 1033; x_wconf 92' lang='lat' dir='ltr'><strong>mus</strong></span> <span class='ocrx_word' id='word_1_5' title='bbox 395 968 530 1033; x_wconf 90' lang='lat' dir='ltr'><strong>Mantel</strong></span> <span class='ocrx_word' id='word_1_6' title='bbox 544 968 587 1032; x_wconf 88' lang='lat' dir='ltr'><strong>de</strong></span> <span class='ocrx_word' id='word_1_7' title='bbox 610 970 751 1046; x_wconf 90' lang='lat' dir='ltr'><strong>Brente,</strong></span> <span class='ocrx_word' id='word_1_8' title='bbox 768 967 875 1034; x_wconf 81' lang='lat' dir='ltr'><strong>frater</strong></span> <span class='ocrx_word' id='word_1_9' title='bbox 894 968 1056 1047; x_wconf 89' lang='lat' dir='ltr'><strong>Falcasii,</strong></span> <span class='ocrx_word' id='word_1_10' title='bbox 1074 969 1225 1034; x_wconf 86' lang='lat' dir='ltr'><strong>etmulti</strong></span> <span class='ocrx_word' id='word_1_11' title='bbox 1241 967 1354 1052; x_wconf 80' lang='lat' dir='ltr'>Angli</span> <span class='ocrx_word' id='word_1_12' title='bbox 1369 978 1404 1036; x_wconf 86' lang='lat' dir='ltr'><strong>et</strong></span> 
     </span>
     <span class='ocr_line' id='line_1_3' title="bbox 300 1068 1402 1154; baseline 0.003 -23"><span class='ocrx_word' id='word_1_13' title='bbox 300 1068 494 1132; x_wconf 90' lang='lat' dir='ltr'><strong>Normanni</strong></span> <span class='ocrx_word' id='word_1_14' title='bbox 517 1070 660 1146; x_wconf 92' lang='lat' dir='ltr'><strong>nobiles,</strong></span> <span class='ocrx_word' id='word_1_15' title='bbox 682 1070 742 1152; x_wconf 90' lang='lat' dir='ltr'><strong>qui</strong></span> <span class='ocrx_word' id='word_1_16' title='bbox 763 1088 881 1133; x_wconf 89' lang='lat' dir='ltr'><strong>omnes</strong></span> <span class='ocrx_word' id='word_1_17' title='bbox 898 1069 1084 1152; x_wconf 87' lang='lat' dir='ltr'><strong>suspendio</strong></span> <span class='ocrx_word' id='word_1_18' title='bbox 1099 1077 1182 1133; x_wconf 89' lang='lat' dir='ltr'><strong>sunt</strong></span> <span class='ocrx_word' id='word_1_19' title='bbox 1196 1069 1402 1154; x_wconf 90' lang='lat' dir='ltr'><strong>adjudicati,</strong></span> 
     </span>
     <span class='ocr_line' id='line_1_4' title="bbox 298 1168 1199 1252; baseline 0.004 -22"><span class='ocrx_word' id='word_1_20' title='bbox 298 1168 389 1232; x_wconf 89' lang='lat' dir='ltr'><strong>sicut</strong></span> <span class='ocrx_word' id='word_1_21' title='bbox 406 1168 557 1250; x_wconf 82' lang='lat' dir='ltr'><strong>plenarie</strong></span> <span class='ocrx_word' id='word_1_22' title='bbox 570 1169 605 1231; x_wconf 93' lang='lat' dir='ltr'><strong>in</strong></span> <span class='ocrx_word' id='word_1_23' title='bbox 624 1169 907 1235; x_wconf 81' lang='lat' dir='ltr'>antecedentibus</span> <span class='ocrx_word' id='word_1_24' title='bbox 921 1170 1123 1252; x_wconf 86' lang='lat' dir='ltr'><strong>praedictum</strong></span> <span class='ocrx_word' id='word_1_25' title='bbox 1134 1176 1199 1234; x_wconf 89' lang='lat' dir='ltr'><strong>est.</strong></span> 
     </span>
    </p>
   </div>
   <div class='ocr_carea' id='block_1_3' title="bbox 406 1332 1279 1418">
    <p class='ocr_par' dir='ltr' id='par_1_3' title="bbox 406 1332 1279 1418">
     <span class='ocr_line' id='line_1_5' title="bbox 406 1332 1279 1418; baseline 0.001 -21"><span class='ocrx_word' id='word_1_26' title='bbox 406 1332 609 1397; x_wconf 72' lang='lat' dir='ltr'><strong>Boldowiaas</strong></span> <span class='ocrx_word' id='word_1_27' title='bbox 625 1335 793 1418; x_wconf 79' lang='lat' dir='ltr'><strong>imperator</strong></span> <span class='ocrx_word' id='word_1_28' title='bbox 807 1333 902 1398; x_wconf 70' lang='lat' dir='ltr'><strong>rediit</strong></span> <span class='ocrx_word' id='word_1_29' title='bbox 914 1354 1007 1397; x_wconf 82' lang='lat' dir='ltr'><strong>comes</strong></span> <span class='ocrx_word' id='word_1_30' title='bbox 1023 1334 1059 1397; x_wconf 82' lang='lat' dir='ltr'><strong>ia</strong></span> <span class='ocrx_word' id='word_1_31' title='bbox 1071 1333 1279 1398; x_wconf 61' lang='lat' dir='ltr'><strong>mammam.</strong></span> 
     </span>
    </p>
   </div>
   <div class='ocr_carea' id='block_1_4' title="bbox 218 1464 1404 4622">
    <p class='ocr_par' dir='ltr' id='par_1_4' title="bbox 218 1464 1404 4622">
     <span class='ocr_line' id='line_1_6' title="bbox 358 1464 1403 1549; baseline 0.002 -21"><span class='ocrx_word' id='word_1_32' title='bbox 358 1466 592 1542; x_wconf 90' lang='lat' dir='ltr'><strong>Baldewinns,</strong></span> <span class='ocrx_word' id='word_1_33' title='bbox 626 1483 740 1529; x_wconf 90' lang='lat' dir='ltr'><strong>comes</strong></span> <span class='ocrx_word' id='word_1_34' title='bbox 779 1464 1013 1540; x_wconf 88' lang='lat' dir='ltr'><strong>Flandrensis,</strong></span> <span class='ocrx_word' id='word_1_35' title='bbox 1047 1466 1108 1549; x_wconf 89' lang='lat' dir='ltr'><strong>qni</strong></span> <span class='ocrx_word' id='word_1_36' title='bbox 1145 1472 1180 1529; x_wconf 90' lang='lat' dir='ltr'><strong>et</strong></span> <span class='ocrx_word' id='word_1_37' title='bbox 1213 1466 1403 1548; x_wconf 88' lang='lat' dir='ltr'><strong>imperator</strong></span> 
     </span>
     <span class='ocr_line' id='line_1_7' title="bbox 300 1564 1403 1647; baseline 0.001 -18"><span class='ocrx_word' id='word_1_38' title='bbox 300 1564 716 1647; x_wconf 61' lang='lat' dir='ltr'><strong>Constantinopolim,</strong></span> <span class='ocrx_word' id='word_1_39' title='bbox 745 1573 826 1647; x_wconf 93' lang='lat' dir='ltr'><strong>post</strong></span> <span class='ocrx_word' id='word_1_40' title='bbox 850 1583 1016 1629; x_wconf 83' lang='lat' dir='ltr'><strong>annosam</strong></span> <span class='ocrx_word' id='word_1_41' title='bbox 1043 1572 1079 1629; x_wconf 89' lang='lat' dir='ltr'><strong>et</strong></span> <span class='ocrx_word' id='word_1_42' title='bbox 1095 1583 1268 1629; x_wconf 83' lang='lat' dir='ltr'><strong>morosam</strong></span> <span class='ocrx_word' id='word_1_43' title='bbox 1289 1564 1403 1630; x_wconf 89' lang='lat' dir='ltr'><strong>incar-</strong></span> 
     </span>
     <span class='ocr_line' id='line_1_8' title="bbox 300 1664 1402 1747; baseline -0.002 -18"><span class='ocrx_word' id='word_1_44' title='bbox 300 1666 510 1729; x_wconf 91' lang='lat' dir='ltr'><strong>cerationem</strong></span> <span class='ocrx_word' id='word_1_45' title='bbox 540 1672 576 1729; x_wconf 90' lang='lat' dir='ltr'><strong>et</strong></span> <span class='ocrx_word' id='word_1_46' title='bbox 600 1665 872 1747; x_wconf 89' lang='lat' dir='ltr'><strong>poenitentialem</strong></span> <span class='ocrx_word' id='word_1_47' title='bbox 902 1664 1212 1745; x_wconf 81' lang='lat' dir='ltr'><strong>peregrinationem</strong></span> <span class='ocrx_word' id='word_1_48' title='bbox 1238 1664 1342 1729; x_wconf 89' lang='lat' dir='ltr'><strong>rediit</strong></span> <span class='ocrx_word' id='word_1_49' title='bbox 1365 1665 1402 1728; x_wconf 94' lang='lat' dir='ltr'><strong>in</strong></span> 
     </span>
     <span class='ocr_line' id='line_1_9' title="bbox 302 1763 1402 1847; baseline 0.001 -20"><span class='ocrx_word' id='word_1_50' title='bbox 302 1763 500 1828; x_wconf 91' lang='lat' dir='ltr'><strong>Flandriam</strong></span> <span class='ocrx_word' id='word_1_51' title='bbox 514 1784 523 1844; x_wconf 84' lang='lat'>3</span> <span class='ocrx_word' id='word_1_52' title='bbox 550 1770 675 1829; x_wconf 90' lang='lat' dir='ltr'><strong>etcum</strong></span> <span class='ocrx_word' id='word_1_53' title='bbox 694 1784 716 1828; x_wconf 98' lang='lat' dir='ltr'><strong>a</strong></span> <span class='ocrx_word' id='word_1_54' title='bbox 730 1764 992 1847; x_wconf 85' lang='lat' dir='ltr'><strong>quamplurimis</strong></span> <span class='ocrx_word' id='word_1_55' title='bbox 1007 1763 1102 1840; x_wconf 87' lang='lat' dir='ltr'><strong>viris,</strong></span> <span class='ocrx_word' id='word_1_56' title='bbox 1117 1764 1175 1846; x_wconf 92' lang='lat' dir='ltr'><strong>qui</strong></span> <span class='ocrx_word' id='word_1_57' title='bbox 1196 1783 1275 1828; x_wconf 86' lang='lat' dir='ltr'><strong>eum</strong></span> <span class='ocrx_word' id='word_1_58' title='bbox 1297 1769 1402 1828; x_wconf 88' lang='lat' dir='ltr'><strong>antea</strong></span> 
     </span>
     <span class='ocr_line' id='line_1_10' title="bbox 299 1861 1402 1944; baseline -0.001 -17"><span class='ocrx_word' id='word_1_59' title='bbox 299 1871 547 1943; x_wconf 87' lang='lat' dir='ltr'><strong>cognoverunt,</strong></span> <span class='ocrx_word' id='word_1_60' title='bbox 576 1864 658 1928; x_wconf 92' lang='lat' dir='ltr'><strong>licet</strong></span> <span class='ocrx_word' id='word_1_61' title='bbox 682 1864 718 1927; x_wconf 92' lang='lat' dir='ltr'><strong>in</strong></span> <span class='ocrx_word' id='word_1_62' title='bbox 744 1864 863 1927; x_wconf 91' lang='lat' dir='ltr'><strong>multis</strong></span> <span class='ocrx_word' id='word_1_63' title='bbox 896 1863 1063 1927; x_wconf 90' lang='lat' dir='ltr'><strong>alteratus</strong></span> <span class='ocrx_word' id='word_1_64' title='bbox 1091 1861 1225 1939; x_wconf 85' lang='lat' dir='ltr'><strong>fuisset,</strong></span> <span class='ocrx_word' id='word_1_65' title='bbox 1255 1882 1402 1944; x_wconf 90' lang='lat' dir='ltr'><strong>cognos-</strong></span> 
     </span>
     <span class='ocr_line' id='line_1_11' title="bbox 218 1961 1401 2045; baseline 0.002 -20"><span class='ocrx_word' id='word_1_66' title='bbox 218 2013 222 2019; x_wconf 82' lang='lat'><strong>.</strong></span> <span class='ocrx_word' id='word_1_67' title='bbox 300 1969 446 2040; x_wconf 88' lang='lat' dir='ltr'><strong>ceretur,</strong></span> <span class='ocrx_word' id='word_1_68' title='bbox 462 1964 592 2045; x_wconf 92' lang='lat' dir='ltr'><strong>recepit</strong></span> <span class='ocrx_word' id='word_1_69' title='bbox 606 1963 767 2044; x_wconf 85' lang='lat' dir='ltr'><strong>homagia</strong></span> <span class='ocrx_word' id='word_1_70' title='bbox 782 1970 817 2026; x_wconf 90' lang='lat' dir='ltr'><strong>et</strong></span> <span class='ocrx_word' id='word_1_71' title='bbox 832 1961 1016 2026; x_wconf 89' lang='lat' dir='ltr'><strong>fidelitates</strong></span> <span class='ocrx_word' id='word_1_72' title='bbox 1032 1981 1054 2025; x_wconf 98' lang='lat' dir='ltr'><strong>a</strong></span> <span class='ocrx_word' id='word_1_73' title='bbox 1066 1961 1184 2026; x_wconf 89' lang='lat' dir='ltr'><strong>multis</strong></span> <span class='ocrx_word' id='word_1_74' title='bbox 1201 1962 1401 2027; x_wconf 87' lang='lat' dir='ltr'><strong>civitatibus</strong></span> 
     </span>
     <span class='ocr_line' id='line_1_12' title="bbox 300 2060 1399 2146; baseline 0.001 -21"><span class='ocrx_word' id='word_1_75' title='bbox 300 2070 336 2125; x_wconf 91' lang='lat' dir='ltr'><strong>et</strong></span> <span class='ocrx_word' id='word_1_76' title='bbox 351 2062 487 2146; x_wconf 92' lang='lat' dir='ltr'><strong>oppidis</strong></span> <span class='ocrx_word' id='word_1_77' title='bbox 504 2061 689 2127; x_wconf 85' lang='lat' dir='ltr'><strong>Flandriae.</strong></span> <span class='ocrx_word' id='word_1_78' title='bbox 741 2062 809 2126; x_wconf 88' lang='lat' dir='ltr'><strong>Sed</strong></span> <span class='ocrx_word' id='word_1_79' title='bbox 826 2062 898 2126; x_wconf 89' lang='lat' dir='ltr'><strong>filia</strong></span> <span class='ocrx_word' id='word_1_80' title='bbox 914 2062 1024 2145; x_wconf 88' lang='lat' dir='ltr'><strong>ipsius</strong></span> <span class='ocrx_word' id='word_1_81' title='bbox 1038 2060 1197 2125; x_wconf 87' lang='lat' dir='ltr'><strong>invidens</strong></span> <span class='ocrx_word' id='word_1_82' title='bbox 1213 2081 1399 2144; x_wconf 85' lang='lat' dir='ltr'><strong>exaspera-</strong></span> 
     </span>
     <span class='ocr_line' id='line_1_13' title="bbox 299 2160 1399 2245; baseline -0.001 -20"><span class='ocrx_word' id='word_1_83' title='bbox 299 2162 350 2226; x_wconf 87' lang='lat' dir='ltr'><strong>vit</strong></span> <span class='ocrx_word' id='word_1_84' title='bbox 361 2182 477 2243; x_wconf 88' lang='lat' dir='ltr'><strong>regem</strong></span> <span class='ocrx_word' id='word_1_85' title='bbox 492 2170 614 2227; x_wconf 90' lang='lat' dir='ltr'><strong>contra</strong></span> <span class='ocrx_word' id='word_1_86' title='bbox 630 2163 755 2245; x_wconf 90' lang='lat' dir='ltr'><strong>ipsum,</strong></span> <span class='ocrx_word' id='word_1_87' title='bbox 772 2160 946 2225; x_wconf 89' lang='lat' dir='ltr'><strong>affirmans</strong></span> <span class='ocrx_word' id='word_1_88' title='bbox 963 2161 1077 2243; x_wconf 92' lang='lat' dir='ltr'><strong>ipsum</strong></span> <span class='ocrx_word' id='word_1_89' title='bbox 1088 2180 1158 2225; x_wconf 91' lang='lat' dir='ltr'><strong>non</strong></span> <span class='ocrx_word' id='word_1_90' title='bbox 1175 2179 1252 2224; x_wconf 89' lang='lat' dir='ltr'><strong>esse</strong></span> <span class='ocrx_word' id='word_1_91' title='bbox 1264 2167 1399 2242; x_wconf 84' lang='lat' dir='ltr'><strong>patrem</strong></span> 
     </span>
     <span class='ocr_line' id='line_1_14' title="bbox 300 2260 1400 2345; baseline 0.002 -24"><span class='ocrx_word' id='word_1_92' title='bbox 300 2278 412 2336; x_wconf 90' lang='lat' dir='ltr'><strong>suum,</strong></span> <span class='ocrx_word' id='word_1_93' title='bbox 437 2281 500 2325; x_wconf 92' lang='lat' dir='ltr'><strong>nec</strong></span> <span class='ocrx_word' id='word_1_94' title='bbox 524 2263 637 2345; x_wconf 91' lang='lat' dir='ltr'><strong>ipsum</strong></span> <span class='ocrx_word' id='word_1_95' title='bbox 665 2278 740 2324; x_wconf 89' lang='lat' dir='ltr'><strong>esse</strong></span> <span class='ocrx_word' id='word_1_96' title='bbox 760 2281 862 2343; x_wconf 90' lang='lat' dir='ltr'><strong>quem</strong></span> <span class='ocrx_word' id='word_1_97' title='bbox 883 2280 920 2324; x_wconf 91' lang='lat' dir='ltr'><strong>se</strong></span> <span class='ocrx_word' id='word_1_98' title='bbox 940 2260 1043 2339; x_wconf 83' lang='lat' dir='ltr'><strong>fecit3</strong></span> <span class='ocrx_word' id='word_1_99' title='bbox 1069 2260 1337 2343; x_wconf 89' lang='lat' dir='ltr'><strong>procuravitque</strong></span> <span class='ocrx_word' id='word_1_100' title='bbox 1360 2267 1400 2324; x_wconf 93' lang='lat' dir='ltr'><strong>ut</strong></span> 
     </span>
     <span class='ocr_line' id='line_1_15' title="bbox 299 2359 1400 2441; baseline 0.002 -22"><span class='ocrx_word' id='word_1_101' title='bbox 299 2359 485 2439; x_wconf 86' lang='lat' dir='ltr'><strong>praedictus</strong></span> <span class='ocrx_word' id='word_1_102' title='bbox 515 2369 615 2441; x_wconf 90' lang='lat' dir='ltr'><strong>pater</strong></span> <span class='ocrx_word' id='word_1_103' title='bbox 646 2378 729 2423; x_wconf 88' lang='lat' dir='ltr'><strong>suus</strong></span> <span class='ocrx_word' id='word_1_104' title='bbox 756 2360 984 2441; x_wconf 88' lang='lat' dir='ltr'><strong>ignominiose</strong></span> <span class='ocrx_word' id='word_1_105' title='bbox 1014 2359 1290 2441; x_wconf 87' lang='lat' dir='ltr'><strong>suspenderetur,</strong></span> <span class='ocrx_word' id='word_1_106' title='bbox 1319 2377 1400 2423; x_wconf 92' lang='lat' dir='ltr'><strong>nam</strong></span> 
     </span>
     <span class='ocr_line' id='line_1_16' title="bbox 301 2456 1401 2539; baseline 0.003 -20"><span class='ocrx_word' id='word_1_107' title='bbox 301 2456 380 2520; x_wconf 92' lang='lat' dir='ltr'><strong>hinc</strong></span> <span class='ocrx_word' id='word_1_108' title='bbox 406 2465 441 2521; x_wconf 92' lang='lat' dir='ltr'><strong>et</strong></span> <span class='ocrx_word' id='word_1_109' title='bbox 466 2458 546 2521; x_wconf 92' lang='lat' dir='ltr'><strong>inde</strong></span> <span class='ocrx_word' id='word_1_110' title='bbox 571 2458 653 2522; x_wconf 89' lang='lat' dir='ltr'><strong>fecit</strong></span> <span class='ocrx_word' id='word_1_111' title='bbox 685 2459 771 2522; x_wconf 84' lang='lat' dir='ltr'><strong>duos</strong></span> <span class='ocrx_word' id='word_1_112' title='bbox 801 2477 905 2521; x_wconf 89' lang='lat' dir='ltr'><strong>canes</strong></span> <span class='ocrx_word' id='word_1_113' title='bbox 930 2466 1076 2535; x_wconf 86' lang='lat' dir='ltr'><strong>veteres,</strong></span> <span class='ocrx_word' id='word_1_114' title='bbox 1105 2457 1237 2523; x_wconf 90' lang='lat' dir='ltr'><strong>scilicet</strong></span> <span class='ocrx_word' id='word_1_115' title='bbox 1259 2458 1401 2539; x_wconf 90' lang='lat' dir='ltr'><strong>mirgos,</strong></span> 
     </span>
     <span class='ocr_line' id='line_1_17' title="bbox 300 2556 1402 2641; baseline 0.002 -21"><span class='ocrx_word' id='word_1_116' title='bbox 300 2557 477 2639; x_wconf 87' lang='lat' dir='ltr'><strong>suspendi.</strong></span> <span class='ocrx_word' id='word_1_117' title='bbox 542 2556 622 2621; x_wconf 93' lang='lat' dir='ltr'><strong>Hoc</strong></span> <span class='ocrx_word' id='word_1_118' title='bbox 654 2563 771 2621; x_wconf 92' lang='lat' dir='ltr'><strong>tamen</strong></span> <span class='ocrx_word' id='word_1_119' title='bbox 797 2565 957 2622; x_wconf 90' lang='lat' dir='ltr'><strong>asserunt</strong></span> <span class='ocrx_word' id='word_1_120' title='bbox 982 2556 1094 2634; x_wconf 89' lang='lat' dir='ltr'><strong>multi,</strong></span> <span class='ocrx_word' id='word_1_121' title='bbox 1118 2557 1243 2641; x_wconf 88' lang='lat' dir='ltr'><strong>quibus</strong></span> <span class='ocrx_word' id='word_1_122' title='bbox 1271 2558 1402 2622; x_wconf 86' lang='lat' dir='ltr'><strong>confes-</strong></span> 
     </span>
     <span class='ocr_line' id='line_1_18' title="bbox 301 2655 1403 2741; baseline 0 -22"><span class='ocrx_word' id='word_1_123' title='bbox 301 2656 431 2720; x_wconf 88' lang='lat' dir='ltr'><strong>sionem</strong></span> <span class='ocrx_word' id='word_1_124' title='bbox 446 2656 538 2733; x_wconf 84' lang='lat' dir='ltr'><strong>lecit‚</strong></span> <span class='ocrx_word' id='word_1_125' title='bbox 556 2658 708 2739; x_wconf 90' lang='lat' dir='ltr'><strong>peccatis</strong></span> <span class='ocrx_word' id='word_1_126' title='bbox 724 2657 797 2721; x_wconf 91' lang='lat' dir='ltr'><strong>suis</strong></span> <span class='ocrx_word' id='word_1_127' title='bbox 814 2657 1034 2738; x_wconf 83' lang='lat' dir='ltr'><strong>exigentibus</strong></span> <span class='ocrx_word' id='word_1_128' title='bbox 1056 2656 1297 2738; x_wconf 87' lang='lat' dir='ltr'><strong>promeruisse,</strong></span> <span class='ocrx_word' id='word_1_129' title='bbox 1321 2655 1403 2741; x_wconf 93' lang='lat' dir='ltr'><strong>quia</strong></span> 
     </span>
     <span class='ocr_line' id='line_1_19' title="bbox 300 2755 1400 2840; baseline 0 -21"><span class='ocrx_word' id='word_1_130' title='bbox 300 2774 323 2819; x_wconf 93' lang='lat' dir='ltr'><strong>a</strong></span> <span class='ocrx_word' id='word_1_131' title='bbox 343 2775 480 2821; x_wconf 88' lang='lat' dir='ltr'><strong>carcere</strong></span> <span class='ocrx_word' id='word_1_132' title='bbox 500 2758 611 2822; x_wconf 86' lang='lat' dir='ltr'><strong>evasit</strong></span> <span class='ocrx_word' id='word_1_133' title='bbox 630 2775 708 2821; x_wconf 92' lang='lat' dir='ltr'><strong>cum</strong></span> <span class='ocrx_word' id='word_1_134' title='bbox 734 2757 836 2821; x_wconf 92' lang='lat' dir='ltr'><strong>sociis</strong></span> <span class='ocrx_word' id='word_1_135' title='bbox 862 2757 934 2820; x_wconf 91' lang='lat' dir='ltr'><strong>suis</strong></span> <span class='ocrx_word' id='word_1_136' title='bbox 956 2755 1191 2833; x_wconf 86' lang='lat' dir='ltr'><strong>incarceratis,</strong></span> <span class='ocrx_word' id='word_1_137' title='bbox 1217 2756 1278 2840; x_wconf 89' lang='lat' dir='ltr'><strong>qni</strong></span> <span class='ocrx_word' id='word_1_138' title='bbox 1307 2755 1400 2840; x_wconf 89' lang='lat' dir='ltr'><strong>capti</strong></span> 
     </span>
     <span class='ocr_line' id='line_1_20' title="bbox 300 2854 1401 2939; baseline 0 -21"><span class='ocrx_word' id='word_1_139' title='bbox 300 2854 440 2920; x_wconf 84' lang='lat' dir='ltr'><strong>suerunt</strong></span> <span class='ocrx_word' id='word_1_140' title='bbox 468 2876 546 2919; x_wconf 91' lang='lat' dir='ltr'><strong>curn</strong></span> <span class='ocrx_word' id='word_1_141' title='bbox 576 2876 617 2920; x_wconf 95' lang='lat' dir='ltr'><strong>eo</strong></span> <span class='ocrx_word' id='word_1_142' title='bbox 650 2857 686 2919; x_wconf 94' lang='lat' dir='ltr'><strong>in</strong></span> <span class='ocrx_word' id='word_1_143' title='bbox 715 2857 848 2939; x_wconf 89' lang='lat' dir='ltr'><strong>praelio,</strong></span> <span class='ocrx_word' id='word_1_144' title='bbox 881 2856 1073 2937; x_wconf 87' lang='lat' dir='ltr'><strong>opitulante</strong></span> <span class='ocrx_word' id='word_1_145' title='bbox 1105 2855 1255 2939; x_wconf 90' lang='lat' dir='ltr'><strong>quadam</strong></span> <span class='ocrx_word' id='word_1_146' title='bbox 1285 2855 1401 2937; x_wconf 87' lang='lat' dir='ltr'><strong>puella</strong></span> 
     </span>
     <span class='ocr_line' id='line_1_21' title="bbox 302 2954 1401 3036; baseline 0.001 -19"><span class='ocrx_word' id='word_1_147' title='bbox 302 2954 422 3031; x_wconf 90' lang='lat' dir='ltr'><strong>nobili,</strong></span> <span class='ocrx_word' id='word_1_148' title='bbox 452 2975 493 3019; x_wconf 91' lang='lat' dir='ltr'><strong>eo</strong></span> <span class='ocrx_word' id='word_1_149' title='bbox 524 2963 642 3035; x_wconf 91' lang='lat' dir='ltr'><strong>pacto,</strong></span> <span class='ocrx_word' id='word_1_150' title='bbox 674 2962 714 3018; x_wconf 94' lang='lat' dir='ltr'><strong>ut</strong></span> <span class='ocrx_word' id='word_1_151' title='bbox 744 2956 979 3036; x_wconf 89' lang='lat' dir='ltr'><strong>baptisaretur</strong></span> <span class='ocrx_word' id='word_1_152' title='bbox 1011 2973 1113 3036; x_wconf 89' lang='lat' dir='ltr'><strong>quarn</strong></span> <span class='ocrx_word' id='word_1_153' title='bbox 1144 2954 1213 3019; x_wconf 90' lang='lat' dir='ltr'><strong>cito</strong></span> <span class='ocrx_word' id='word_1_154' title='bbox 1243 2955 1401 3020; x_wconf 85' lang='lat' dir='ltr'><strong>venirent</strong></span> 
     </span>
     <span class='ocr_line' id='line_1_22' title="bbox 301 3053 1402 3136; baseline 0.001 -22"><span class='ocrx_word' id='word_1_155' title='bbox 301 3053 436 3116; x_wconf 90' lang='lat' dir='ltr'><strong>liberati</strong></span> <span class='ocrx_word' id='word_1_156' title='bbox 468 3054 504 3115; x_wconf 93' lang='lat' dir='ltr'><strong>in</strong></span> <span class='ocrx_word' id='word_1_157' title='bbox 531 3053 848 3132; x_wconf 64' lang='lat' dir='ltr'><strong>christianitatem</strong></span> <span class='ocrx_word' id='word_1_158' title='bbox 875 3053 936 3117; x_wconf 86' lang='lat' dir='ltr'><strong>sed</strong></span> <span class='ocrx_word' id='word_1_159' title='bbox 965 3053 1188 3118; x_wconf 89' lang='lat' dir='ltr'><strong>Baldewinus</strong></span> <span class='ocrx_word' id='word_1_160' title='bbox 1215 3053 1402 3136; x_wconf 87' lang='lat' dir='ltr'><strong>imperator</strong></span> 
     </span>
     <span class='ocr_line' id='line_1_23' title="bbox 301 3152 1401 3235; baseline 0.003 -22"><span class='ocrx_word' id='word_1_161' title='bbox 301 3170 379 3213; x_wconf 85' lang='lat' dir='ltr'><strong>curn</strong></span> <span class='ocrx_word' id='word_1_162' title='bbox 407 3152 479 3214; x_wconf 90' lang='lat' dir='ltr'><strong>suis</strong></span> <span class='ocrx_word' id='word_1_163' title='bbox 506 3152 621 3228; x_wconf 89' lang='lat' dir='ltr'><strong>sociis,</strong></span> <span class='ocrx_word' id='word_1_164' title='bbox 651 3172 727 3215; x_wconf 90' lang='lat' dir='ltr'><strong>cum</strong></span> <span class='ocrx_word' id='word_1_165' title='bbox 757 3153 993 3234; x_wconf 88' lang='lat' dir='ltr'><strong>pervenissent</strong></span> <span class='ocrx_word' id='word_1_166' title='bbox 1018 3172 1096 3217; x_wconf 90' lang='lat' dir='ltr'><strong>cum</strong></span> <span class='ocrx_word' id='word_1_167' title='bbox 1122 3153 1200 3235; x_wconf 91' lang='lat' dir='ltr'><strong>ipsa</strong></span> <span class='ocrx_word' id='word_1_168' title='bbox 1227 3152 1343 3233; x_wconf 92' lang='lat' dir='ltr'><strong>puella</strong></span> <span class='ocrx_word' id='word_1_169' title='bbox 1363 3153 1401 3216; x_wconf 92' lang='lat' dir='ltr'><strong>in</strong></span> 
     </span>
     <span class='ocr_line' id='line_1_24' title="bbox 300 3249 1403 3333; baseline 0.002 -21"><span class='ocrx_word' id='word_1_170' title='bbox 300 3249 378 3313; x_wconf 92' lang='lat' dir='ltr'><strong>loca</strong></span> <span class='ocrx_word' id='word_1_171' title='bbox 392 3251 522 3314; x_wconf 88' lang='lat' dir='ltr'><strong>tutiora</strong></span> <span class='ocrx_word' id='word_1_172' title='bbox 540 3250 828 3328; x_wconf 88' lang='lat' dir='ltr'><strong>Christianorum,</strong></span> <span class='ocrx_word' id='word_1_173' title='bbox 846 3251 953 3328; x_wconf 91' lang='lat' dir='ltr'><strong>illam,</strong></span> <span class='ocrx_word' id='word_1_174' title='bbox 977 3270 1081 3333; x_wconf 91' lang='lat' dir='ltr'><strong>quam</strong></span> <span class='ocrx_word' id='word_1_175' title='bbox 1102 3251 1261 3333; x_wconf 91' lang='lat' dir='ltr'><strong>promisit</strong></span> <span class='ocrx_word' id='word_1_176' title='bbox 1277 3252 1403 3315; x_wconf 86' lang='lat' dir='ltr'><strong>ducere</strong></span> 
     </span>
     <span class='ocr_line' id='line_1_25' title="bbox 300 3348 1401 3415; baseline 0.004 -5"><span class='ocrx_word' id='word_1_177' title='bbox 300 3349 336 3411; x_wconf 92' lang='lat' dir='ltr'><strong>in</strong></span> <span class='ocrx_word' id='word_1_178' title='bbox 363 3369 508 3414; x_wconf 89' lang='lat' dir='ltr'><strong>uxorem</strong></span> <span class='ocrx_word' id='word_1_179' title='bbox 536 3357 571 3413; x_wconf 91' lang='lat' dir='ltr'><strong>et</strong></span> <span class='ocrx_word' id='word_1_180' title='bbox 599 3349 832 3415; x_wconf 87' lang='lat' dir='ltr'><strong>Christianam</strong></span> <span class='ocrx_word' id='word_1_181' title='bbox 858 3350 971 3415; x_wconf 85' lang='lat' dir='ltr'><strong>facere</strong></span> <span class='ocrx_word' id='word_1_182' title='bbox 996 3357 1031 3413; x_wconf 89' lang='lat' dir='ltr'><strong>et</strong></span> <span class='ocrx_word' id='word_1_183' title='bbox 1056 3351 1210 3414; x_wconf 90' lang='lat' dir='ltr'><strong>moribus</strong></span> <span class='ocrx_word' id='word_1_184' title='bbox 1232 3348 1401 3414; x_wconf 86' lang='lat' dir='ltr'><strong>Christia-</strong></span> 
     </span>
     <span class='ocr_line' id='line_1_26' title="bbox 302 3448 1403 3531; baseline 0.001 -19"><span class='ocrx_word' id='word_1_185' title='bbox 302 3468 424 3512; x_wconf 90' lang='lat' dir='ltr'><strong>norum</strong></span> <span class='ocrx_word' id='word_1_186' title='bbox 449 3448 646 3525; x_wconf 84' lang='lat' dir='ltr'><strong>informare,</strong></span> <span class='ocrx_word' id='word_1_187' title='bbox 667 3458 747 3515; x_wconf 90' lang='lat' dir='ltr'><strong>ante</strong></span> <span class='ocrx_word' id='word_1_188' title='bbox 773 3451 949 3514; x_wconf 87' lang='lat' dir='ltr'><strong>lavacrum</strong></span> <span class='ocrx_word' id='word_1_189' title='bbox 973 3449 1242 3531; x_wconf 85' lang='lat' dir='ltr'><strong>regenerationis</strong></span> <span class='ocrx_word' id='word_1_190' title='bbox 1267 3449 1403 3514; x_wconf 89' lang='lat' dir='ltr'><strong>occulte</strong></span> 
     </span>
     <span class='ocr_line' id='line_1_27' title="bbox 301 3547 1401 3631; baseline 0.002 -22"><span class='ocrx_word' id='word_1_191' title='bbox 301 3547 383 3613; x_wconf 89' lang='lat' dir='ltr'><strong>secit</strong></span> <span class='ocrx_word' id='word_1_192' title='bbox 405 3550 532 3627; x_wconf 90' lang='lat' dir='ltr'><strong>necari,</strong></span> <span class='ocrx_word' id='word_1_193' title='bbox 554 3549 644 3613; x_wconf 89' lang='lat' dir='ltr'><strong>unde</strong></span> <span class='ocrx_word' id='word_1_194' title='bbox 664 3556 735 3612; x_wconf 92' lang='lat' dir='ltr'><strong>tam</strong></span> <span class='ocrx_word' id='word_1_195' title='bbox 759 3549 817 3613; x_wconf 94' lang='lat' dir='ltr'><strong>diu</strong></span> <span class='ocrx_word' id='word_1_196' title='bbox 841 3549 885 3621; x_wconf 91' lang='lat' dir='ltr'><strong>ad</strong></span> <span class='ocrx_word' id='word_1_197' title='bbox 901 3568 939 3613; x_wconf 89' lang='lat' dir='ltr'><strong>se</strong></span> <span class='ocrx_word' id='word_1_198' title='bbox 955 3568 1114 3613; x_wconf 89' lang='lat' dir='ltr'><strong>reversus</strong></span> <span class='ocrx_word' id='word_1_199' title='bbox 1131 3548 1213 3612; x_wconf 83' lang='lat' dir='ltr'><strong>fecit</strong></span> <span class='ocrx_word' id='word_1_200' title='bbox 1232 3549 1401 3631; x_wconf 89' lang='lat' dir='ltr'><strong>poeniten·</strong></span> 
     </span>
     <span class='ocr_line' id='line_1_28' title="bbox 302 3647 1401 3730; baseline 0.001 -20"><span class='ocrx_word' id='word_1_201' title='bbox 302 3647 386 3711; x_wconf 92' lang='lat' dir='ltr'><strong>tiam</strong></span> <span class='ocrx_word' id='word_1_202' title='bbox 418 3655 458 3711; x_wconf 92' lang='lat' dir='ltr'><strong>nt</strong></span> <span class='ocrx_word' id='word_1_203' title='bbox 484 3649 545 3712; x_wconf 87' lang='lat' dir='ltr'><strong>vix</strong></span> <span class='ocrx_word' id='word_1_204' title='bbox 569 3667 591 3711; x_wconf 98' lang='lat' dir='ltr'><strong>a</strong></span> <span class='ocrx_word' id='word_1_205' title='bbox 619 3648 845 3711; x_wconf 81' lang='lat' dir='ltr'><strong>familiaribus</strong></span> <span class='ocrx_word' id='word_1_206' title='bbox 876 3649 980 3712; x_wconf 91' lang='lat' dir='ltr'><strong>etiam</strong></span> <span class='ocrx_word' id='word_1_207' title='bbox 1010 3655 1287 3730; x_wconf 90' lang='lat' dir='ltr'><strong>cognosceretur,</strong></span> <span class='ocrx_word' id='word_1_208' title='bbox 1308 3666 1401 3730; x_wconf 88' lang='lat' dir='ltr'><strong>papa</strong></span> 
     </span>
     <span class='ocr_line' id='line_1_29' title="bbox 301 3745 1401 3830; baseline 0.003 -23"><span class='ocrx_word' id='word_1_209' title='bbox 301 3745 503 3828; x_wconf 88' lang='lat' dir='ltr'><strong>injungente</strong></span> <span class='ocrx_word' id='word_1_210' title='bbox 518 3747 757 3826; x_wconf 90' lang='lat' dir='ltr'><strong>poenitentiam</strong></span> <span class='ocrx_word' id='word_1_211' title='bbox 771 3754 841 3809; x_wconf 91' lang='lat' dir='ltr'><strong>tam</strong></span> <span class='ocrx_word' id='word_1_212' title='bbox 859 3765 1012 3826; x_wconf 86' lang='lat' dir='ltr'><strong>gravem,</strong></span> <span class='ocrx_word' id='word_1_213' title='bbox 1026 3748 1108 3830; x_wconf 91' lang='lat' dir='ltr'><strong>quia</strong></span> <span class='ocrx_word' id='word_1_214' title='bbox 1124 3746 1276 3810; x_wconf 89' lang='lat' dir='ltr'><strong>nondum</strong></span> <span class='ocrx_word' id='word_1_215' title='bbox 1290 3747 1401 3829; x_wconf 90' lang='lat' dir='ltr'><strong>bapti·</strong></span> 
     </span>
     <span class='ocr_line' id='line_1_30' title="bbox 302 3843 1403 3927; baseline 0.005 -23"><span class='ocrx_word' id='word_1_216' title='bbox 302 3850 414 3905; x_wconf 91' lang='lat' dir='ltr'><strong>satam</strong></span> <span class='ocrx_word' id='word_1_217' title='bbox 436 3843 571 3905; x_wconf 90' lang='lat' dir='ltr'><strong>occidit.</strong></span> <span class='ocrx_word' id='word_1_218' title='bbox 624 3843 753 3907; x_wconf 91' lang='lat' dir='ltr'><strong>Omnes</strong></span> <span class='ocrx_word' id='word_1_219' title='bbox 780 3852 908 3920; x_wconf 87' lang='lat' dir='ltr'><strong>autem,</strong></span> <span class='ocrx_word' id='word_1_220' title='bbox 933 3847 994 3927; x_wconf 94' lang='lat' dir='ltr'><strong>qui</strong></span> <span class='ocrx_word' id='word_1_221' title='bbox 1021 3847 1100 3910; x_wconf 90' lang='lat' dir='ltr'><strong>huic</strong></span> <span class='ocrx_word' id='word_1_222' title='bbox 1119 3846 1264 3910; x_wconf 91' lang='lat' dir='ltr'><strong>consilio</strong></span> <span class='ocrx_word' id='word_1_223' title='bbox 1285 3864 1403 3909; x_wconf 89' lang='lat' dir='ltr'><strong>assen-</strong></span> 
     </span>
     <span class='ocr_line' id='line_1_31' title="bbox 302 3942 1401 4027; baseline 0.003 -23"><span class='ocrx_word' id='word_1_224' title='bbox 302 3960 378 4004; x_wconf 91' lang='lat' dir='ltr'><strong>sum</strong></span> <span class='ocrx_word' id='word_1_225' title='bbox 402 3942 634 4022; x_wconf 85' lang='lat' dir='ltr'><strong>praebuerunt,</strong></span> <span class='ocrx_word' id='word_1_226' title='bbox 660 3943 754 4025; x_wconf 89' lang='lat' dir='ltr'><strong>turpi</strong></span> <span class='ocrx_word' id='word_1_227' title='bbox 782 3950 892 4006; x_wconf 91' lang='lat' dir='ltr'><strong>morte</strong></span> <span class='ocrx_word' id='word_1_228' title='bbox 920 3945 1117 4027; x_wconf 90' lang='lat' dir='ltr'><strong>perierunt;</strong></span> <span class='ocrx_word' id='word_1_229' title='bbox 1144 3964 1288 4027; x_wconf 89' lang='lat' dir='ltr'><strong>quorum</strong></span> <span class='ocrx_word' id='word_1_230' title='bbox 1311 3963 1401 4008; x_wconf 90' lang='lat' dir='ltr'><strong>unus</strong></span> 
     </span>
     <span class='ocr_line' id='line_1_32' title="bbox 303 4041 1402 4125; baseline 0.002 -20"><span class='ocrx_word' id='word_1_231' title='bbox 303 4061 381 4106; x_wconf 92' lang='lat' dir='ltr'><strong>cum</strong></span> <span class='ocrx_word' id='word_1_232' title='bbox 407 4041 452 4105; x_wconf 94' lang='lat' dir='ltr'><strong>ad</strong></span> <span class='ocrx_word' id='word_1_233' title='bbox 476 4061 620 4105; x_wconf 84' lang='lat' dir='ltr'><strong>uxorem</strong></span> <span class='ocrx_word' id='word_1_234' title='bbox 650 4062 748 4106; x_wconf 90' lang='lat' dir='ltr'><strong>suam</strong></span> <span class='ocrx_word' id='word_1_235' title='bbox 773 4044 998 4125; x_wconf 90' lang='lat' dir='ltr'><strong>pervenisset,</strong></span> <span class='ocrx_word' id='word_1_236' title='bbox 1029 4052 1064 4109; x_wconf 90' lang='lat' dir='ltr'><strong>et</strong></span> <span class='ocrx_word' id='word_1_237' title='bbox 1091 4046 1135 4108; x_wconf 93' lang='lat' dir='ltr'><strong>ab</strong></span> <span class='ocrx_word' id='word_1_238' title='bbox 1160 4045 1291 4121; x_wconf 90' lang='lat' dir='ltr'><strong>eadem,</strong></span> <span class='ocrx_word' id='word_1_239' title='bbox 1319 4043 1402 4124; x_wconf 91' lang='lat' dir='ltr'><strong>qnia</strong></span> 
     </span>
     <span class='ocr_line' id='line_1_33' title="bbox 298 4142 1403 4226; baseline 0.001 -20"><span class='ocrx_word' id='word_1_240' title='bbox 298 4142 374 4226; x_wconf 90' lang='lat' dir='ltr'><strong>jam</strong></span> <span class='ocrx_word' id='word_1_241' title='bbox 402 4142 508 4205; x_wconf 92' lang='lat' dir='ltr'><strong>alium</strong></span> <span class='ocrx_word' id='word_1_242' title='bbox 536 4143 648 4207; x_wconf 90' lang='lat' dir='ltr'><strong>virum</strong></span> <span class='ocrx_word' id='word_1_243' title='bbox 674 4142 841 4208; x_wconf 90' lang='lat' dir='ltr'><strong>habuerat</strong></span> <span class='ocrx_word' id='word_1_244' title='bbox 875 4150 910 4206; x_wconf 84' lang='lat' dir='ltr'><strong>et</strong></span> <span class='ocrx_word' id='word_1_245' title='bbox 939 4143 1030 4206; x_wconf 86' lang='lat' dir='ltr'><strong>filios</strong></span> <span class='ocrx_word' id='word_1_246' title='bbox 1053 4145 1098 4206; x_wconf 94' lang='lat' dir='ltr'><strong>ab</strong></span> <span class='ocrx_word' id='word_1_247' title='bbox 1128 4143 1247 4207; x_wconf 90' lang='lat' dir='ltr'><strong>eodem</strong></span> <span class='ocrx_word' id='word_1_248' title='bbox 1286 4161 1403 4207; x_wconf 88' lang='lat' dir='ltr'><strong>snsce-</strong></span> 
     </span>
     <span class='ocr_line' id='line_1_34' title="bbox 302 4241 1404 4325; baseline 0.001 -21"><span class='ocrx_word' id='word_1_249' title='bbox 302 4248 413 4323; x_wconf 87' lang='lat' dir='ltr'><strong>perat,</strong></span> <span class='ocrx_word' id='word_1_250' title='bbox 435 4241 522 4305; x_wconf 92' lang='lat' dir='ltr'><strong>bene</strong></span> <span class='ocrx_word' id='word_1_251' title='bbox 545 4251 821 4322; x_wconf 89' lang='lat' dir='ltr'><strong>cognosceretur,</strong></span> <span class='ocrx_word' id='word_1_252' title='bbox 844 4243 1080 4325; x_wconf 87' lang='lat' dir='ltr'><strong>praecipitatus</strong></span> <span class='ocrx_word' id='word_1_253' title='bbox 1110 4250 1164 4307; x_wconf 91' lang='lat' dir='ltr'><strong>est</strong></span> <span class='ocrx_word' id='word_1_254' title='bbox 1188 4243 1225 4305; x_wconf 92' lang='lat' dir='ltr'><strong>in</strong></span> <span class='ocrx_word' id='word_1_255' title='bbox 1247 4250 1404 4324; x_wconf 90' lang='lat' dir='ltr'><strong>puteum,</strong></span> 
     </span>
     <span class='ocr_line' id='line_1_35' title="bbox 304 4339 1403 4424; baseline 0.003 -23"><span class='ocrx_word' id='word_1_256' title='bbox 304 4339 369 4402; x_wconf 91' lang='lat' dir='ltr'><strong>hoc</strong></span> <span class='ocrx_word' id='word_1_257' title='bbox 393 4358 502 4403; x_wconf 86' lang='lat' dir='ltr'><strong>uxore</strong></span> <span class='ocrx_word' id='word_1_258' title='bbox 530 4341 619 4404; x_wconf 91' lang='lat' dir='ltr'><strong>clam</strong></span> <span class='ocrx_word' id='word_1_259' title='bbox 651 4349 878 4424; x_wconf 90' lang='lat' dir='ltr'><strong>procurante;</strong></span> <span class='ocrx_word' id='word_1_260' title='bbox 916 4349 951 4406; x_wconf 90' lang='lat' dir='ltr'><strong>et</strong></span> <span class='ocrx_word' id='word_1_261' title='bbox 978 4342 1028 4404; x_wconf 92' lang='lat' dir='ltr'><strong>sic</strong></span> <span class='ocrx_word' id='word_1_262' title='bbox 1058 4341 1130 4419; x_wconf 92' lang='lat' dir='ltr'><strong>alii,</strong></span> <span class='ocrx_word' id='word_1_263' title='bbox 1164 4341 1308 4423; x_wconf 91' lang='lat' dir='ltr'><strong>quilibet</strong></span> <span class='ocrx_word' id='word_1_264' title='bbox 1338 4360 1403 4404; x_wconf 89' lang='lat' dir='ltr'><strong>suo</strong></span> 
     </span>
     <span class='ocr_line' id='line_1_36' title="bbox 303 4437 1403 4523; baseline 0.003 -22"><span class='ocrx_word' id='word_1_265' title='bbox 303 4456 399 4513; x_wconf 89' lang='lat' dir='ltr'><strong>casu,</strong></span> <span class='ocrx_word' id='word_1_266' title='bbox 423 4437 501 4501; x_wconf 94' lang='lat' dir='ltr'><strong>Deo</strong></span> <span class='ocrx_word' id='word_1_267' title='bbox 533 4438 635 4515; x_wconf 89' lang='lat' dir='ltr'><strong>irato,</strong></span> <span class='ocrx_word' id='word_1_268' title='bbox 668 4442 729 4521; x_wconf 91' lang='lat' dir='ltr'><strong>qui</strong></span> <span class='ocrx_word' id='word_1_269' title='bbox 762 4462 831 4507; x_wconf 92' lang='lat' dir='ltr'><strong>non</strong></span> <span class='ocrx_word' id='word_1_270' title='bbox 860 4441 934 4505; x_wconf 88' lang='lat' dir='ltr'><strong>vult</strong></span> <span class='ocrx_word' id='word_1_271' title='bbox 960 4439 1053 4503; x_wconf 92' lang='lat' dir='ltr'><strong>mala</strong></span> <span class='ocrx_word' id='word_1_272' title='bbox 1077 4460 1140 4523; x_wconf 88' lang='lat' dir='ltr'><strong>pro</strong></span> <span class='ocrx_word' id='word_1_273' title='bbox 1170 4441 1269 4505; x_wconf 91' lang='lat' dir='ltr'><strong>bonis</strong></span> <span class='ocrx_word' id='word_1_274' title='bbox 1300 4441 1403 4516; x_wconf 87' lang='lat' dir='ltr'><strong>solvi,</strong></span> 
     </span>
     <span class='ocr_line' id='line_1_37' title="bbox 304 4535 1402 4622; baseline 0.004 -22"><span class='ocrx_word' id='word_1_275' title='bbox 304 4535 543 4601; x_wconf 90' lang='lat' dir='ltr'><strong>miserabiliter</strong></span> <span class='ocrx_word' id='word_1_276' title='bbox 584 4538 770 4620; x_wconf 89' lang='lat' dir='ltr'><strong>perierunt.</strong></span> <span class='ocrx_word' id='word_1_277' title='bbox 836 4539 913 4605; x_wconf 88' lang='lat' dir='ltr'><strong>Nec</strong></span> <span class='ocrx_word' id='word_1_278' title='bbox 959 4559 1077 4603; x_wconf 88' lang='lat' dir='ltr'><strong>eorum</strong></span> <span class='ocrx_word' id='word_1_279' title='bbox 1119 4540 1287 4622; x_wconf 86' lang='lat' dir='ltr'><strong>superior,</strong></span> <span class='ocrx_word' id='word_1_280' title='bbox 1329 4541 1402 4622; x_wconf 90' lang='lat' dir='ltr'><strong>qui,</strong></span> 
     </span>
    </p>
   </div>
   <div class='ocr_carea' id='block_1_5' title="bbox 0 0 1699 5625">
    <p class='ocr_par' dir='ltr' id='par_1_5' title="bbox 0 0 1699 5625">
     <span class='ocr_line' id='line_1_38' title="bbox 0 0 1699 5625; baseline 0 0"><span class='ocrx_word' id='word_1_281' title='bbox 0 0 1699 5625; x_wconf 95' lang='lat' dir='ltr'><strong> </strong></span> 
     </span>
    </p>
   </div>
  </div>
 </body>
</html>
