<?xml version="1.0" encoding="UTF-8"?>
<!DOCTYPE html PUBLIC "-//W3C//DTD XHTML 1.0 Transitional//EN"
    "http://www.w3.org/TR/xhtml1/DTD/xhtml1-transitional.dtd">
<html xmlns="http://www.w3.org/1999/xhtml" xml:lang="en" lang="en">
 <head>
  <title>
</title>
<meta http-equiv="Content-Type" content="text/html;charset=utf-8" />
  <meta name='ocr-system' content='tesseract 3.04.00' />
  <meta name='ocr-capabilities' content='ocr_page ocr_carea ocr_par ocr_line ocrx_word'/>
</head>
<body>
  <div class='ocr_page' id='page_1' title='image "./rogeridewendove00rogegoog_0320.png"; bbox 0 0 3384 5625; ppageno 0'>
   <div class='ocr_carea' id='block_1_1' title="bbox 296 770 1024 839">
    <p class='ocr_par' dir='ltr' id='par_1_1' title="bbox 296 770 1024 839">
     <span class='ocr_line' id='line_1_1' title="bbox 296 770 1024 839; baseline -0.003 0"><span class='ocrx_word' id='word_1_1' title='bbox 296 770 363 839; x_wconf 82' lang='lat'>298</span> <span class='ocrx_word' id='word_1_2' title='bbox 667 788 866 837; x_wconf 81' lang='lat' dir='ltr'>nncrronns</span> <span class='ocrx_word' id='word_1_3' title='bbox 889 788 1024 837; x_wconf 75' lang='lat' dir='ltr'>vamur.</span> 
     </span>
    </p>
   </div>
   <div class='ocr_carea' id='block_1_2' title="bbox 293 970 1479 4629">
    <p class='ocr_par' dir='ltr' id='par_1_2' title="bbox 293 970 1402 4424">
     <span class='ocr_line' id='line_1_2' title="bbox 297 970 1401 1055; baseline 0.002 -20"><span class='ocrx_word' id='word_1_4' title='bbox 297 971 420 1037; x_wconf 88' lang='lat' dir='ltr'>cillari.</span> <span class='ocrx_word' id='word_1_5' title='bbox 471 970 597 1052; x_wconf 80' lang='lat' dir='ltr'>Luget,</span> <span class='ocrx_word' id='word_1_6' title='bbox 613 971 695 1054; x_wconf 90' lang='lat' dir='ltr'>quia</span> <span class='ocrx_word' id='word_1_7' title='bbox 711 973 771 1036; x_wconf 92' lang='lat' dir='ltr'>ubi</span> <span class='ocrx_word' id='word_1_8' title='bbox 791 991 911 1055; x_wconf 82' lang='lat' dir='ltr'>pacem</span> <span class='ocrx_word' id='word_1_9' title='bbox 929 970 1113 1035; x_wconf 87' lang='lat' dir='ltr'>multitudo</span> <span class='ocrx_word' id='word_1_10' title='bbox 1136 971 1285 1037; x_wconf 88' lang='lat' dir='ltr'>caelestis</span> <span class='ocrx_word' id='word_1_11' title='bbox 1308 973 1401 1037; x_wconf 93' lang='lat' dir='ltr'>mili-</span> 
     </span>
     <span class='ocr_line' id='line_1_3' title="bbox 296 1070 1402 1154; baseline 0.002 -19"><span class='ocrx_word' id='word_1_12' title='bbox 296 1073 355 1136; x_wconf 89' lang='lat' dir='ltr'>tiae</span> <span class='ocrx_word' id='word_1_13' title='bbox 381 1070 516 1147; x_wconf 87' lang='lat' dir='ltr'>cecinit,</span> <span class='ocrx_word' id='word_1_14' title='bbox 542 1071 590 1134; x_wconf 92' lang='lat' dir='ltr'>ihi</span> <span class='ocrx_word' id='word_1_15' title='bbox 614 1090 775 1154; x_wconf 88' lang='lat' dir='ltr'>pressura</span> <span class='ocrx_word' id='word_1_16' title='bbox 805 1072 919 1153; x_wconf 91' lang='lat' dir='ltr'>gentis</span> <span class='ocrx_word' id='word_1_17' title='bbox 948 1070 1228 1135; x_wconf 86' lang='lat' dir='ltr'>immundissimae</span> <span class='ocrx_word' id='word_1_18' title='bbox 1255 1072 1402 1137; x_wconf 88' lang='lat' dir='ltr'>scanda-</span> 
     </span>
     <span class='ocr_line' id='line_1_4' title="bbox 296 1170 1400 1251; baseline 0.004 -18"><span class='ocrx_word' id='word_1_19' title='bbox 296 1171 407 1234; x_wconf 87' lang='lat' dir='ltr'><strong>lorum</strong></span> <span class='ocrx_word' id='word_1_20' title='bbox 440 1170 603 1251; x_wconf 89' lang='lat' dir='ltr'>spurcitie</span> <span class='ocrx_word' id='word_1_21' title='bbox 634 1171 883 1235; x_wconf 84' lang='lat' dir='ltr'>abominabiles</span> <span class='ocrx_word' id='word_1_22' title='bbox 916 1171 1109 1235; x_wconf 86' lang='lat' dir='ltr'>simultates</span> <span class='ocrx_word' id='word_1_23' title='bbox 1141 1177 1176 1234; x_wconf 90' lang='lat' dir='ltr'>et</span> <span class='ocrx_word' id='word_1_24' title='bbox 1209 1171 1400 1237; x_wconf 88' lang='lat' dir='ltr'>schismata</span> 
     </span>
     <span class='ocr_line' id='line_1_5' title="bbox 297 1270 1399 1351; baseline 0.004 -19"><span class='ocrx_word' id='word_1_25' title='bbox 297 1270 491 1346; x_wconf 85' lang='lat' dir='ltr'>suscitavit,</span> <span class='ocrx_word' id='word_1_26' title='bbox 509 1289 550 1333; x_wconf 93' lang='lat' dir='ltr'>ac</span> <span class='ocrx_word' id='word_1_27' title='bbox 573 1270 742 1335; x_wconf 86' lang='lat' dir='ltr'>innovans</span> <span class='ocrx_word' id='word_1_28' title='bbox 768 1270 913 1334; x_wconf 83' lang='lat' dir='ltr'>exordia</span> <span class='ocrx_word' id='word_1_29' title='bbox 937 1270 1133 1351; x_wconf 89' lang='lat' dir='ltr'>praeliorum</span> <span class='ocrx_word' id='word_1_30' title='bbox 1156 1270 1251 1334; x_wconf 87' lang='lat' dir='ltr'>misit</span> <span class='ocrx_word' id='word_1_31' title='bbox 1266 1272 1310 1334; x_wconf 88' lang='lat' dir='ltr'>ad</span> <span class='ocrx_word' id='word_1_32' title='bbox 1338 1272 1399 1336; x_wconf 93' lang='lat' dir='ltr'>de-</span> 
     </span>
     <span class='ocr_line' id='line_1_6' title="bbox 295 1368 1400 1452; baseline 0.003 -20"><span class='ocrx_word' id='word_1_33' title='bbox 295 1368 492 1433; x_wconf 85' lang='lat' dir='ltr'>siderabilia</span> <span class='ocrx_word' id='word_1_34' title='bbox 508 1388 646 1432; x_wconf 90' lang='lat' dir='ltr'>manum</span> <span class='ocrx_word' id='word_1_35' title='bbox 664 1390 762 1433; x_wconf 90' lang='lat' dir='ltr'>suam</span> <span class='ocrx_word' id='word_1_36' title='bbox 780 1377 815 1434; x_wconf 94' lang='lat' dir='ltr'>et</span> <span class='ocrx_word' id='word_1_37' title='bbox 830 1388 1004 1433; x_wconf 89' lang='lat' dir='ltr'>sacrorum</span> <span class='ocrx_word' id='word_1_38' title='bbox 1019 1370 1180 1433; x_wconf 86' lang='lat' dir='ltr'>ordinum</span> <span class='ocrx_word' id='word_1_39' title='bbox 1196 1371 1273 1452; x_wconf 89' lang='lat' dir='ltr'>pias</span> <span class='ocrx_word' id='word_1_40' title='bbox 1290 1371 1400 1452; x_wconf 91' lang='lat' dir='ltr'>leges,</span> 
     </span>
     <span class='ocr_line' id='line_1_7' title="bbox 296 1469 1398 1553; baseline 0.002 -20"><span class='ocrx_word' id='word_1_41' title='bbox 296 1476 332 1533; x_wconf 89' lang='lat' dir='ltr'>et</span> <span class='ocrx_word' id='word_1_42' title='bbox 345 1469 454 1551; x_wconf 90' lang='lat' dir='ltr'>ipsius</span> <span class='ocrx_word' id='word_1_43' title='bbox 470 1475 603 1532; x_wconf 89' lang='lat' dir='ltr'>naturae</span> <span class='ocrx_word' id='word_1_44' title='bbox 616 1470 699 1553; x_wconf 86' lang='lat' dir='ltr'>jura</span> <span class='ocrx_word' id='word_1_45' title='bbox 716 1470 876 1551; x_wconf 85' lang='lat' dir='ltr'>relegans</span> <span class='ocrx_word' id='word_1_46' title='bbox 897 1488 918 1532; x_wconf 88' lang='lat' dir='ltr'>a</span> <span class='ocrx_word' id='word_1_47' title='bbox 934 1469 1062 1552; x_wconf 93' lang='lat' dir='ltr'>templo</span> <span class='ocrx_word' id='word_1_48' title='bbox 1079 1469 1231 1547; x_wconf 90' lang='lat' dir='ltr'>Domini,</span> <span class='ocrx_word' id='word_1_49' title='bbox 1250 1470 1398 1535; x_wconf 88' lang='lat' dir='ltr'>diversis</span> 
     </span>
     <span class='ocr_line' id='line_1_8' title="bbox 295 1567 1398 1649; baseline 0.002 -18"><span class='ocrx_word' id='word_1_50' title='bbox 295 1567 420 1631; x_wconf 89' lang='lat' dir='ltr'>ibidem</span> <span class='ocrx_word' id='word_1_51' title='bbox 443 1568 617 1649; x_wconf 89' lang='lat' dir='ltr'>spurcitiis</span> <span class='ocrx_word' id='word_1_52' title='bbox 640 1570 900 1633; x_wconf 88' lang='lat' dir='ltr'>detestabilibus</span> <span class='ocrx_word' id='word_1_53' title='bbox 923 1576 958 1632; x_wconf 90' lang='lat' dir='ltr'>et</span> <span class='ocrx_word' id='word_1_54' title='bbox 980 1568 1215 1649; x_wconf 86' lang='lat' dir='ltr'>ignominiosis</span> <span class='ocrx_word' id='word_1_55' title='bbox 1232 1570 1327 1634; x_wconf 87' lang='lat' dir='ltr'>vitiis</span> <span class='ocrx_word' id='word_1_56' title='bbox 1345 1570 1398 1633; x_wconf 94' lang='lat' dir='ltr'>in-</span> 
     </span>
     <span class='ocr_line' id='line_1_9' title="bbox 297 1667 1397 1750; baseline 0.003 -19"><span class='ocrx_word' id='word_1_57' title='bbox 297 1667 477 1743; x_wconf 90' lang='lat' dir='ltr'>troductis,</span> <span class='ocrx_word' id='word_1_58' title='bbox 509 1668 656 1749; x_wconf 85' lang='lat' dir='ltr'>turpiter</span> <span class='ocrx_word' id='word_1_59' title='bbox 689 1669 726 1731; x_wconf 95' lang='lat' dir='ltr'>iu</span> <span class='ocrx_word' id='word_1_60' title='bbox 760 1687 823 1732; x_wconf 92' lang='lat' dir='ltr'>suo</span> <span class='ocrx_word' id='word_1_61' title='bbox 852 1675 1002 1732; x_wconf 90' lang='lat' dir='ltr'>stercore</span> <span class='ocrx_word' id='word_1_62' title='bbox 1034 1669 1288 1750; x_wconf 88' lang='lat' dir='ltr'>computrescit.</span> <span class='ocrx_word' id='word_1_63' title='bbox 1349 1670 1397 1734; x_wconf 89' lang='lat' dir='ltr'>Et</span> 
     </span>
     <span class='ocr_line' id='line_1_10' title="bbox 295 1766 1398 1851; baseline 0.004 -22"><span class='ocrx_word' id='word_1_64' title='bbox 295 1767 373 1831; x_wconf 91' lang='lat' dir='ltr'>ideo</span> <span class='ocrx_word' id='word_1_65' title='bbox 390 1766 623 1844; x_wconf 87' lang='lat' dir='ltr'>Hierusalem,</span> <span class='ocrx_word' id='word_1_66' title='bbox 638 1768 674 1830; x_wconf 95' lang='lat' dir='ltr'>in</span> <span class='ocrx_word' id='word_1_67' title='bbox 683 1767 756 1831; x_wconf 90' lang='lat' dir='ltr'>suis</span> <span class='ocrx_word' id='word_1_68' title='bbox 771 1768 885 1831; x_wconf 90' lang='lat' dir='ltr'>derisa</span> <span class='ocrx_word' id='word_1_69' title='bbox 903 1766 1091 1843; x_wconf 89' lang='lat' dir='ltr'>sabbathis,</span> <span class='ocrx_word' id='word_1_70' title='bbox 1103 1767 1280 1831; x_wconf 89' lang='lat' dir='ltr'>obsorduit</span> <span class='ocrx_word' id='word_1_71' title='bbox 1295 1769 1398 1851; x_wconf 88' lang='lat' dir='ltr'>quasi</span> 
     </span>
     <span class='ocr_line' id='line_1_11' title="bbox 296 1865 1398 1949; baseline 0 -19"><span class='ocrx_word' id='word_1_72' title='bbox 296 1867 431 1949; x_wconf 91' lang='lat' dir='ltr'>polluta</span> <span class='ocrx_word' id='word_1_73' title='bbox 445 1868 630 1929; x_wconf 88' lang='lat' dir='ltr'>menstruis</span> <span class='ocrx_word' id='word_1_74' title='bbox 647 1886 729 1931; x_wconf 91' lang='lat' dir='ltr'>suos</span> <span class='ocrx_word' id='word_1_75' title='bbox 744 1868 834 1931; x_wconf 91' lang='lat' dir='ltr'>inter</span> <span class='ocrx_word' id='word_1_76' title='bbox 849 1867 1014 1930; x_wconf 92' lang='lat' dir='ltr'>inimicos.</span> <span class='ocrx_word' id='word_1_77' title='bbox 1044 1910 1049 1920; x_wconf 82' lang='grc'><strong>-</strong></span> <span class='ocrx_word' id='word_1_78' title='bbox 1063 1865 1154 1929; x_wconf 91' lang='lat' dir='ltr'>Nam</span> <span class='ocrx_word' id='word_1_79' title='bbox 1171 1866 1252 1931; x_wconf 92' lang='lat' dir='ltr'>licet</span> <span class='ocrx_word' id='word_1_80' title='bbox 1266 1866 1398 1930; x_wconf 92' lang='lat' dir='ltr'>dudum</span> 
     </span>
     <span class='ocr_line' id='line_1_12' title="bbox 295 1964 1397 2043; baseline 0 -14"><span class='ocrx_word' id='word_1_81' title='bbox 295 1967 472 2029; x_wconf 90' lang='lat' dir='ltr'>carissimo</span> <span class='ocrx_word' id='word_1_82' title='bbox 498 1966 535 2028; x_wconf 93' lang='lat' dir='ltr'>in</span> <span class='ocrx_word' id='word_1_83' title='bbox 554 1964 693 2030; x_wconf 88' lang='lat' dir='ltr'>Christo</span> <span class='ocrx_word' id='word_1_84' title='bbox 718 1966 789 2029; x_wconf 90' lang='lat' dir='ltr'>filio</span> <span class='ocrx_word' id='word_1_85' title='bbox 811 1973 930 2030; x_wconf 88' lang='lat' dir='ltr'>nostro</span> <span class='ocrx_word' id='word_1_86' title='bbox 948 1965 1142 2043; x_wconf 89' lang='lat' dir='ltr'>Frederieo,</span> <span class='ocrx_word' id='word_1_87' title='bbox 1157 1964 1397 2030; x_wconf 85' lang='lat' dir='ltr'>Romanorum</span> 
     </span>
     <span class='ocr_line' id='line_1_13' title="bbox 293 2064 1398 2148; baseline -0.002 -18"><span class='ocrx_word' id='word_1_88' title='bbox 293 2065 493 2148; x_wconf 90' lang='lat' dir='ltr'>imperatori</span> <span class='ocrx_word' id='word_1_89' title='bbox 522 2084 656 2147; x_wconf 88' lang='lat' dir='ltr'>semper</span> <span class='ocrx_word' id='word_1_90' title='bbox 685 2072 846 2147; x_wconf 86' lang='lat' dir='ltr'>augusto,</span> <span class='ocrx_word' id='word_1_91' title='bbox 874 2064 1093 2129; x_wconf 88' lang='lat' dir='ltr'>Hierusalem</span> <span class='ocrx_word' id='word_1_92' title='bbox 1115 2071 1150 2129; x_wconf 91' lang='lat' dir='ltr'>et</span> <span class='ocrx_word' id='word_1_93' title='bbox 1170 2064 1296 2129; x_wconf 89' lang='lat' dir='ltr'>Siciliae</span> <span class='ocrx_word' id='word_1_94' title='bbox 1322 2066 1398 2147; x_wconf 89' lang='lat' dir='ltr'>regi</span> 
     </span>
     <span class='ocr_line' id='line_1_14' title="bbox 293 2163 1399 2246; baseline 0 -17"><span class='ocrx_word' id='word_1_95' title='bbox 293 2164 432 2240; x_wconf 92' lang='lat' dir='ltr'>illustri,</span> <span class='ocrx_word' id='word_1_96' title='bbox 457 2164 581 2229; x_wconf 88' lang='lat' dir='ltr'>civitas</span> <span class='ocrx_word' id='word_1_97' title='bbox 603 2165 735 2242; x_wconf 92' lang='lat' dir='ltr'>eadem,</span> <span class='ocrx_word' id='word_1_98' title='bbox 763 2171 890 2246; x_wconf 89' lang='lat' dir='ltr'>praeter</span> <span class='ocrx_word' id='word_1_99' title='bbox 919 2164 1086 2246; x_wconf 86' lang='lat' dir='ltr'>templum</span> <span class='ocrx_word' id='word_1_100' title='bbox 1113 2164 1268 2242; x_wconf 91' lang='lat' dir='ltr'>Domini,</span> <span class='ocrx_word' id='word_1_101' title='bbox 1291 2163 1399 2229; x_wconf 75' lang='lat' dir='ltr'>fuerit</span> 
     </span>
     <span class='ocr_line' id='line_1_15' title="bbox 294 2263 1396 2347; baseline 0 -21"><span class='ocrx_word' id='word_1_102' title='bbox 294 2265 478 2342; x_wconf 89' lang='lat' dir='ltr'>restituta;</span> <span class='ocrx_word' id='word_1_103' title='bbox 507 2270 633 2341; x_wconf 91' lang='lat' dir='ltr'>tamen,</span> <span class='ocrx_word' id='word_1_104' title='bbox 658 2265 739 2347; x_wconf 91' lang='lat' dir='ltr'>quia</span> <span class='ocrx_word' id='word_1_105' title='bbox 760 2264 858 2328; x_wconf 89' lang='lat' dir='ltr'>Deus</span> <span class='ocrx_word' id='word_1_106' title='bbox 884 2264 1101 2347; x_wconf 87' lang='lat' dir='ltr'>omnipotens</span> <span class='ocrx_word' id='word_1_107' title='bbox 1127 2271 1213 2328; x_wconf 91' lang='lat' dir='ltr'>tuuc</span> <span class='ocrx_word' id='word_1_108' title='bbox 1235 2263 1396 2345; x_wconf 88' lang='lat' dir='ltr'>magnifi-</span> 
     </span>
     <span class='ocr_line' id='line_1_16' title="bbox 295 2362 1396 2446; baseline 0.002 -20"><span class='ocrx_word' id='word_1_109' title='bbox 295 2363 429 2426; x_wconf 88' lang='lat' dir='ltr'>centius</span> <span class='ocrx_word' id='word_1_110' title='bbox 455 2381 558 2443; x_wconf 90' lang='lat' dir='ltr'>agere</span> <span class='ocrx_word' id='word_1_111' title='bbox 585 2382 663 2426; x_wconf 92' lang='lat' dir='ltr'>cum</span> <span class='ocrx_word' id='word_1_112' title='bbox 686 2363 815 2446; x_wconf 90' lang='lat' dir='ltr'>populo</span> <span class='ocrx_word' id='word_1_113' title='bbox 841 2383 905 2427; x_wconf 88' lang='lat' dir='ltr'>suo</span> <span class='ocrx_word' id='word_1_114' title='bbox 931 2362 1129 2426; x_wconf 87' lang='lat' dir='ltr'>Christiano</span> <span class='ocrx_word' id='word_1_115' title='bbox 1157 2382 1224 2427; x_wconf 92' lang='lat' dir='ltr'>non</span> <span class='ocrx_word' id='word_1_116' title='bbox 1255 2362 1396 2446; x_wconf 91' lang='lat' dir='ltr'>adjecit,</span> 
     </span>
     <span class='ocr_line' id='line_1_17' title="bbox 294 2460 1397 2544; baseline 0.001 -19"><span class='ocrx_word' id='word_1_117' title='bbox 294 2463 481 2543; x_wconf 90' lang='lat' dir='ltr'>imperator</span> <span class='ocrx_word' id='word_1_118' title='bbox 496 2460 680 2544; x_wconf 86' lang='lat' dir='ltr'>praedictus</span> <span class='ocrx_word' id='word_1_119' title='bbox 696 2470 836 2543; x_wconf 84' lang='lat' dir='ltr'>treugas</span> <span class='ocrx_word' id='word_1_120' title='bbox 858 2462 935 2525; x_wconf 90' lang='lat' dir='ltr'>iniit</span> <span class='ocrx_word' id='word_1_121' title='bbox 961 2481 1038 2526; x_wconf 90' lang='lat' dir='ltr'>cum</span> <span class='ocrx_word' id='word_1_122' title='bbox 1065 2462 1228 2538; x_wconf 87' lang='lat' dir='ltr'>Soldano,</span> <span class='ocrx_word' id='word_1_123' title='bbox 1249 2481 1397 2544; x_wconf 89' lang='lat' dir='ltr'>quarum</span> 
     </span>
     <span class='ocr_line' id='line_1_18' title="bbox 296 2560 1398 2643; baseline -0.001 -17"><span class='ocrx_word' id='word_1_124' title='bbox 296 2561 463 2626; x_wconf 90' lang='lat' dir='ltr'>terminus</span> <span class='ocrx_word' id='word_1_125' title='bbox 491 2560 577 2624; x_wconf 92' lang='lat' dir='ltr'>adeo</span> <span class='ocrx_word' id='word_1_126' title='bbox 599 2568 653 2625; x_wconf 89' lang='lat' dir='ltr'>est</span> <span class='ocrx_word' id='word_1_127' title='bbox 681 2562 827 2637; x_wconf 86' lang='lat' dir='ltr'>vicinus,</span> <span class='ocrx_word' id='word_1_128' title='bbox 852 2560 944 2643; x_wconf 92' lang='lat' dir='ltr'>quod</span> <span class='ocrx_word' id='word_1_129' title='bbox 972 2568 1106 2643; x_wconf 90' lang='lat' dir='ltr'>tempus</span> <span class='ocrx_word' id='word_1_130' title='bbox 1132 2561 1280 2625; x_wconf 92' lang='lat' dir='ltr'>medium</span> <span class='ocrx_word' id='word_1_131' title='bbox 1308 2581 1398 2643; x_wconf 86' lang='lat' dir='ltr'>prae·</span> 
     </span>
     <span class='ocr_line' id='line_1_19' title="bbox 296 2659 1396 2745; baseline -0.001 -20"><span class='ocrx_word' id='word_1_132' title='bbox 296 2662 469 2745; x_wconf 90' lang='lat' dir='ltr'>paratioui</span> <span class='ocrx_word' id='word_1_133' title='bbox 493 2661 554 2725; x_wconf 86' lang='lat' dir='ltr'>vix</span> <span class='ocrx_word' id='word_1_134' title='bbox 584 2659 739 2725; x_wconf 87' lang='lat' dir='ltr'>sufficere</span> <span class='ocrx_word' id='word_1_135' title='bbox 764 2661 926 2738; x_wconf 91' lang='lat' dir='ltr'>creditur,</span> <span class='ocrx_word' id='word_1_136' title='bbox 951 2660 1016 2724; x_wconf 91' lang='lat' dir='ltr'>nisi</span> <span class='ocrx_word' id='word_1_137' title='bbox 1042 2661 1084 2723; x_wconf 94' lang='lat' dir='ltr'>ad</span> <span class='ocrx_word' id='word_1_138' title='bbox 1109 2680 1255 2743; x_wconf 88' lang='lat' dir='ltr'>quaeque</span> <span class='ocrx_word' id='word_1_139' title='bbox 1280 2679 1396 2724; x_wconf 91' lang='lat' dir='ltr'>neces·</span> 
     </span>
     <span class='ocr_line' id='line_1_20' title="bbox 296 2759 1397 2844; baseline -0.002 -19"><span class='ocrx_word' id='word_1_140' title='bbox 296 2762 390 2825; x_wconf 88' lang='lat' dir='ltr'>saria</span> <span class='ocrx_word' id='word_1_141' title='bbox 404 2780 466 2844; x_wconf 91' lang='lat' dir='ltr'>per</span> <span class='ocrx_word' id='word_1_142' title='bbox 486 2760 802 2844; x_wconf 90' lang='lat' dir='ltr'>promptitudinem,</span> <span class='ocrx_word' id='word_1_143' title='bbox 827 2780 936 2844; x_wconf 91' lang='lat' dir='ltr'>spem,</span> <span class='ocrx_word' id='word_1_144' title='bbox 960 2766 996 2825; x_wconf 91' lang='lat' dir='ltr'>et</span> <span class='ocrx_word' id='word_1_145' title='bbox 1010 2759 1180 2824; x_wconf 88' lang='lat' dir='ltr'>fervorem</span> <span class='ocrx_word' id='word_1_146' title='bbox 1200 2759 1278 2824; x_wconf 90' lang='lat' dir='ltr'>fidei</span> <span class='ocrx_word' id='word_1_147' title='bbox 1297 2759 1397 2825; x_wconf 90' lang='lat' dir='ltr'>festi·</span> 
     </span>
     <span class='ocr_line' id='line_1_21' title="bbox 297 2857 1396 2943; baseline -0.002 -18"><span class='ocrx_word' id='word_1_148' title='bbox 297 2868 409 2926; x_wconf 91' lang='lat' dir='ltr'>netur.</span> <span class='ocrx_word' id='word_1_149' title='bbox 460 2857 517 2924; x_wconf 85' lang='lat' dir='ltr'>Ad</span> <span class='ocrx_word' id='word_1_150' title='bbox 544 2860 618 2943; x_wconf 92' lang='lat' dir='ltr'>ejus</span> <span class='ocrx_word' id='word_1_151' title='bbox 640 2861 736 2942; x_wconf 86' lang='lat' dir='ltr'>&#39;ergo</span> <span class='ocrx_word' id='word_1_152' title='bbox 767 2879 967 2924; x_wconf 90' lang='lat' dir='ltr'>succursum</span> <span class='ocrx_word' id='word_1_153' title='bbox 991 2858 1123 2922; x_wconf 92' lang='lat' dir='ltr'>nullum</span> <span class='ocrx_word' id='word_1_154' title='bbox 1148 2859 1274 2924; x_wconf 83' lang='lat' dir='ltr'>taedeat</span> <span class='ocrx_word' id='word_1_155' title='bbox 1297 2879 1396 2942; x_wconf 90' lang='lat' dir='ltr'>pere-</span> 
     </span>
     <span class='ocr_line' id='line_1_22' title="bbox 298 2959 1395 3042; baseline -0.001 -19"><span class='ocrx_word' id='word_1_156' title='bbox 298 2960 428 3042; x_wconf 88' lang='lat' dir='ltr'>grinari</span> <span class='ocrx_word' id='word_1_157' title='bbox 461 2967 496 3023; x_wconf 90' lang='lat' dir='ltr'>et</span> <span class='ocrx_word' id='word_1_158' title='bbox 528 2979 591 3041; x_wconf 94' lang='lat' dir='ltr'>pro</span> <span class='ocrx_word' id='word_1_159' title='bbox 625 2961 738 3042; x_wconf 89' lang='lat' dir='ltr'>patria</span> <span class='ocrx_word' id='word_1_160' title='bbox 767 2967 900 3023; x_wconf 88' lang='lat' dir='ltr'>certare</span> <span class='ocrx_word' id='word_1_161' title='bbox 932 2978 1010 3022; x_wconf 94' lang='lat' dir='ltr'>cum</span> <span class='ocrx_word' id='word_1_162' title='bbox 1042 2978 1103 3041; x_wconf 94' lang='lat' dir='ltr'>spe</span> <span class='ocrx_word' id='word_1_163' title='bbox 1135 2959 1300 3035; x_wconf 88' lang='lat' dir='ltr'>victoriae,</span> <span class='ocrx_word' id='word_1_164' title='bbox 1330 2979 1395 3041; x_wconf 93' lang='lat' dir='ltr'>pro</span> 
     </span>
     <span class='ocr_line' id='line_1_23' title="bbox 297 3057 1394 3141; baseline -0.001 -18"><span class='ocrx_word' id='word_1_165' title='bbox 297 3078 425 3123; x_wconf 87' lang='lat' dir='ltr'>corona</span> <span class='ocrx_word' id='word_1_166' title='bbox 441 3059 540 3134; x_wconf 92' lang='lat' dir='ltr'>mori,</span> <span class='ocrx_word' id='word_1_167' title='bbox 557 3077 620 3140; x_wconf 90' lang='lat' dir='ltr'>pro</span> <span class='ocrx_word' id='word_1_168' title='bbox 638 3060 723 3136; x_wconf 84' lang='lat' dir='ltr'>vita,</span> <span class='ocrx_word' id='word_1_169' title='bbox 739 3078 802 3141; x_wconf 91' lang='lat' dir='ltr'>pro</span> <span class='ocrx_word' id='word_1_170' title='bbox 827 3058 895 3122; x_wconf 92' lang='lat' dir='ltr'>Illo</span> <span class='ocrx_word' id='word_1_171' title='bbox 916 3059 1086 3122; x_wconf 87' lang='lat' dir='ltr'>sustinere</span> <span class='ocrx_word' id='word_1_172' title='bbox 1105 3057 1192 3121; x_wconf 91' lang='lat' dir='ltr'>dura</span> <span class='ocrx_word' id='word_1_173' title='bbox 1214 3065 1250 3123; x_wconf 90' lang='lat' dir='ltr'>et</span> <span class='ocrx_word' id='word_1_174' title='bbox 1267 3058 1394 3136; x_wconf 88' lang='lat' dir='ltr'>tristia,</span> 
     </span>
     <span class='ocr_line' id='line_1_24' title="bbox 297 3157 1393 3242; baseline 0.001 -22"><span class='ocrx_word' id='word_1_175' title='bbox 297 3159 369 3242; x_wconf 92' lang='lat' dir='ltr'>qui,</span> <span class='ocrx_word' id='word_1_176' title='bbox 384 3158 582 3222; x_wconf 86' lang='lat' dir='ltr'>confusione</span> <span class='ocrx_word' id='word_1_177' title='bbox 599 3166 776 3241; x_wconf 91' lang='lat' dir='ltr'>concepta,</span> <span class='ocrx_word' id='word_1_178' title='bbox 794 3165 898 3241; x_wconf 91' lang='lat' dir='ltr'>sputo</span> <span class='ocrx_word' id='word_1_179' title='bbox 913 3175 1129 3240; x_wconf 91' lang='lat' dir='ltr'>conspersus,</span> <span class='ocrx_word' id='word_1_180' title='bbox 1146 3175 1256 3221; x_wconf 88' lang='lat' dir='ltr'>caesus</span> <span class='ocrx_word' id='word_1_181' title='bbox 1272 3157 1393 3239; x_wconf 87' lang='lat' dir='ltr'>alapis,</span> 
     </span>
     <span class='ocr_line' id='line_1_25' title="bbox 297 3256 1395 3339; baseline -0.001 -18"><span class='ocrx_word' id='word_1_182' title='bbox 297 3257 444 3338; x_wconf 87' lang='lat' dir='ltr'>flagellis</span> <span class='ocrx_word' id='word_1_183' title='bbox 472 3256 630 3334; x_wconf 86' lang='lat' dir='ltr'>afflictus,</span> <span class='ocrx_word' id='word_1_184' title='bbox 660 3266 845 3323; x_wconf 88' lang='lat' dir='ltr'>coronatus</span> <span class='ocrx_word' id='word_1_185' title='bbox 871 3258 991 3339; x_wconf 90' lang='lat' dir='ltr'>spinis,</span> <span class='ocrx_word' id='word_1_186' title='bbox 1014 3275 1128 3320; x_wconf 91' lang='lat' dir='ltr'>coram</span> <span class='ocrx_word' id='word_1_187' title='bbox 1155 3256 1276 3320; x_wconf 88' lang='lat' dir='ltr'>Pilato</span> <span class='ocrx_word' id='word_1_188' title='bbox 1305 3257 1395 3334; x_wconf 90' lang='lat' dir='ltr'>sisti,</span> 
     </span>
     <span class='ocr_line' id='line_1_26' title="bbox 295 3353 1396 3440; baseline -0.003 -18"><span class='ocrx_word' id='word_1_189' title='bbox 295 3367 460 3440; x_wconf 89' lang='lat' dir='ltr'>tanquam</span> <span class='ocrx_word' id='word_1_190' title='bbox 476 3356 660 3421; x_wconf 90' lang='lat' dir='ltr'>multorum</span> <span class='ocrx_word' id='word_1_191' title='bbox 678 3358 858 3421; x_wconf 89' lang='lat' dir='ltr'>criminum</span> <span class='ocrx_word' id='word_1_192' title='bbox 878 3376 969 3433; x_wconf 87' lang='lat' dir='ltr'>reus,</span> <span class='ocrx_word' id='word_1_193' title='bbox 992 3355 1146 3438; x_wconf 90' lang='lat' dir='ltr'>pertulit.</span> <span class='ocrx_word' id='word_1_194' title='bbox 1199 3353 1396 3419; x_wconf 84' lang='lat' dir='ltr'>Crucifixus</span> 
     </span>
     <span class='ocr_line' id='line_1_27' title="bbox 297 3449 1396 3538; baseline -0.002 -17"><span class='ocrx_word' id='word_1_195' title='bbox 297 3457 341 3521; x_wconf 89' lang='lat' dir='ltr'>ad</span> <span class='ocrx_word' id='word_1_196' title='bbox 355 3457 512 3520; x_wconf 89' lang='lat' dir='ltr'>ultimum</span> <span class='ocrx_word' id='word_1_197' title='bbox 538 3463 573 3520; x_wconf 89' lang='lat' dir='ltr'>et</span> <span class='ocrx_word' id='word_1_198' title='bbox 595 3463 736 3538; x_wconf 86' lang='lat' dir='ltr'>potatus</span> <span class='ocrx_word' id='word_1_199' title='bbox 757 3449 847 3533; x_wconf 88' lang='lat' dir='ltr'>felle,</span> <span class='ocrx_word' id='word_1_200' title='bbox 868 3456 990 3519; x_wconf 86' lang='lat' dir='ltr'>lancea</span> <span class='ocrx_word' id='word_1_201' title='bbox 1010 3455 1218 3537; x_wconf 86' lang='lat' dir='ltr'>perforatus,</span> <span class='ocrx_word' id='word_1_202' title='bbox 1235 3456 1396 3519; x_wconf 89' lang='lat' dir='ltr'>emittens</span> 
     </span>
     <span class='ocr_line' id='line_1_28' title="bbox 297 3553 1395 3638; baseline -0.003 -18"><span class='ocrx_word' id='word_1_203' title='bbox 297 3577 374 3621; x_wconf 91' lang='lat' dir='ltr'>cum</span> <span class='ocrx_word' id='word_1_204' title='bbox 404 3557 552 3620; x_wconf 88' lang='lat' dir='ltr'>clamore</span> <span class='ocrx_word' id='word_1_205' title='bbox 577 3555 691 3620; x_wconf 91' lang='lat' dir='ltr'>valido</span> <span class='ocrx_word' id='word_1_206' title='bbox 720 3557 891 3638; x_wconf 91' lang='lat' dir='ltr'>spiritum,</span> <span class='ocrx_word' id='word_1_207' title='bbox 917 3575 980 3637; x_wconf 89' lang='lat' dir='ltr'>pro</span> <span class='ocrx_word' id='word_1_208' title='bbox 1008 3554 1212 3618; x_wconf 91' lang='lat' dir='ltr'>conditionis</span> <span class='ocrx_word' id='word_1_209' title='bbox 1236 3553 1395 3617; x_wconf 87' lang='lat' dir='ltr'>humanae</span> 
     </span>
     <span class='ocr_line' id='line_1_29' title="bbox 295 3654 1393 3737; baseline -0.004 -18"><span class='ocrx_word' id='word_1_210' title='bbox 295 3657 426 3720; x_wconf 84' lang='lat' dir='ltr'>viribus</span> <span class='ocrx_word' id='word_1_211' title='bbox 443 3655 653 3737; x_wconf 87' lang='lat' dir='ltr'>reparandis,</span> <span class='ocrx_word' id='word_1_212' title='bbox 679 3674 817 3718; x_wconf 91' lang='lat' dir='ltr'>cursum</span> <span class='ocrx_word' id='word_1_213' title='bbox 837 3655 1018 3737; x_wconf 89' lang='lat' dir='ltr'>praesentis</span> <span class='ocrx_word' id='word_1_214' title='bbox 1039 3655 1120 3717; x_wconf 87' lang='lat' dir='ltr'>vitae</span> <span class='ocrx_word' id='word_1_215' title='bbox 1140 3661 1317 3717; x_wconf 85' lang='lat' dir='ltr'>saturatus</span> <span class='ocrx_word' id='word_1_216' title='bbox 1339 3654 1393 3715; x_wconf 92' lang='lat' dir='ltr'>in-</span> 
     </span>
     <span class='ocr_line' id='line_1_30' title="bbox 293 3752 1395 3839; baseline -0.001 -22"><span class='ocrx_word' id='word_1_217' title='bbox 293 3756 397 3839; x_wconf 92' lang='lat' dir='ltr'>juriis</span> <span class='ocrx_word' id='word_1_218' title='bbox 412 3754 672 3816; x_wconf 85' lang='lat' dir='ltr'>consummavit.</span> <span class='ocrx_word' id='word_1_219' title='bbox 727 3754 798 3816; x_wconf 90' lang='lat' dir='ltr'>Hic</span> <span class='ocrx_word' id='word_1_220' title='bbox 823 3759 888 3828; x_wconf 91' lang='lat' dir='ltr'>est,</span> <span class='ocrx_word' id='word_1_221' title='bbox 915 3760 954 3815; x_wconf 92' lang='lat' dir='ltr'>ut</span> <span class='ocrx_word' id='word_1_222' title='bbox 976 3761 1172 3834; x_wconf 89' lang='lat' dir='ltr'>repetamus</span> <span class='ocrx_word' id='word_1_223' title='bbox 1196 3752 1312 3829; x_wconf 86' lang='lat' dir='ltr'>altius,</span> <span class='ocrx_word' id='word_1_224' title='bbox 1335 3752 1395 3834; x_wconf 90' lang='lat' dir='ltr'>qui</span> 
     </span>
     <span class='ocr_line' id='line_1_31' title="bbox 297 3850 1394 3932; baseline -0.001 -17"><span class='ocrx_word' id='word_1_225' title='bbox 297 3853 339 3915; x_wconf 90' lang='lat' dir='ltr'>de</span> <span class='ocrx_word' id='word_1_226' title='bbox 366 3857 510 3932; x_wconf 85' lang='lat' dir='ltr'>paterno</span> <span class='ocrx_word' id='word_1_227' title='bbox 535 3850 622 3913; x_wconf 90' lang='lat' dir='ltr'>solio</span> <span class='ocrx_word' id='word_1_228' title='bbox 642 3850 775 3932; x_wconf 82' lang='lat' dir='ltr'>gloriae,</span> <span class='ocrx_word' id='word_1_229' title='bbox 800 3851 894 3914; x_wconf 89' lang='lat' dir='ltr'>caelis</span> <span class='ocrx_word' id='word_1_230' title='bbox 918 3851 1121 3916; x_wconf 89' lang='lat' dir='ltr'>mirabiliter</span> <span class='ocrx_word' id='word_1_231' title='bbox 1144 3852 1330 3928; x_wconf 78' lang='lat' dir='ltr'>inclinatiS,</span> <span class='ocrx_word' id='word_1_232' title='bbox 1351 3853 1394 3915; x_wconf 91' lang='lat' dir='ltr'>ad</span> 
     </span>
     <span class='ocr_line' id='line_1_32' title="bbox 296 3949 1395 4031; baseline -0.002 -16"><span class='ocrx_word' id='word_1_233' title='bbox 296 3958 423 4015; x_wconf 88' lang='lat' dir='ltr'>nostrae</span> <span class='ocrx_word' id='word_1_234' title='bbox 440 3949 660 4013; x_wconf 87' lang='lat' dir='ltr'>mortalitatis</span> <span class='ocrx_word' id='word_1_235' title='bbox 676 3951 745 4014; x_wconf 92' lang='lat' dir='ltr'>ima</span> <span class='ocrx_word' id='word_1_236' title='bbox 769 3950 989 4028; x_wconf 64' lang='lat' dir='ltr'>descendens</span> <span class='ocrx_word' id='word_1_237' title='bbox 1012 3971 1081 4014; x_wconf 93' lang='lat' dir='ltr'>non</span> <span class='ocrx_word' id='word_1_238' title='bbox 1102 3950 1308 4031; x_wconf 84' lang='lat' dir='ltr'>dedignatus</span> <span class='ocrx_word' id='word_1_239' title='bbox 1329 3957 1395 4028; x_wconf 88' lang='lat' dir='ltr'>est,</span> 
     </span>
     <span class='ocr_line' id='line_1_33' title="bbox 296 4049 1394 4131; baseline -0.003 -15"><span class='ocrx_word' id='word_1_240' title='bbox 296 4053 393 4116; x_wconf 90' lang='lat' dir='ltr'>Deus</span> <span class='ocrx_word' id='word_1_241' title='bbox 411 4050 577 4127; x_wconf 87' lang='lat' dir='ltr'>ethome,</span> <span class='ocrx_word' id='word_1_242' title='bbox 594 4049 739 4114; x_wconf 85' lang='lat' dir='ltr'>Creator</span> <span class='ocrx_word' id='word_1_243' title='bbox 752 4050 825 4114; x_wconf 89' lang='lat' dir='ltr'>fieri</span> <span class='ocrx_word' id='word_1_244' title='bbox 843 4058 1014 4127; x_wconf 89' lang='lat' dir='ltr'>creatura,</span> <span class='ocrx_word' id='word_1_245' title='bbox 1031 4050 1205 4131; x_wconf 89' lang='lat' dir='ltr'>suscipere</span> <span class='ocrx_word' id='word_1_246' title='bbox 1222 4049 1394 4113; x_wconf 90' lang='lat' dir='ltr'>Dominus</span> 
     </span>
     <span class='ocr_line' id='line_1_34' title="bbox 295 4149 1396 4233; baseline -0.004 -17"><span class='ocrx_word' id='word_1_247' title='bbox 295 4153 441 4216; x_wconf 90' lang='lat' dir='ltr'>formam</span> <span class='ocrx_word' id='word_1_248' title='bbox 458 4151 568 4229; x_wconf 90' lang='lat' dir='ltr'>servi;</span> <span class='ocrx_word' id='word_1_249' title='bbox 595 4157 646 4227; x_wconf 91' lang='lat' dir='ltr'>ut,</span> <span class='ocrx_word' id='word_1_250' title='bbox 662 4151 721 4233; x_wconf 92' lang='lat' dir='ltr'>qui</span> <span class='ocrx_word' id='word_1_251' title='bbox 744 4169 812 4214; x_wconf 90' lang='lat' dir='ltr'>uon</span> <span class='ocrx_word' id='word_1_252' title='bbox 834 4158 1033 4233; x_wconf 88' lang='lat' dir='ltr'>poteramus</span> <span class='ocrx_word' id='word_1_253' title='bbox 1047 4169 1110 4231; x_wconf 89' lang='lat' dir='ltr'>per</span> <span class='ocrx_word' id='word_1_254' title='bbox 1126 4157 1280 4212; x_wconf 88' lang='lat' dir='ltr'>nostram</span> <span class='ocrx_word' id='word_1_255' title='bbox 1292 4149 1396 4232; x_wconf 89' lang='lat' dir='ltr'>justi-</span> 
     </span>
     <span class='ocr_line' id='line_1_35' title="bbox 296 4248 1395 4331; baseline -0.002 -18"><span class='ocrx_word' id='word_1_256' title='bbox 296 4251 379 4314; x_wconf 91' lang='lat' dir='ltr'>tiam</span> <span class='ocrx_word' id='word_1_257' title='bbox 404 4268 542 4330; x_wconf 87' lang='lat' dir='ltr'>sperare</span> <span class='ocrx_word' id='word_1_258' title='bbox 562 4249 710 4326; x_wconf 89' lang='lat' dir='ltr'>veniam,</span> <span class='ocrx_word' id='word_1_259' title='bbox 725 4250 901 4313; x_wconf 90' lang='lat' dir='ltr'>consecuti</span> <span class='ocrx_word' id='word_1_260' title='bbox 916 4269 978 4331; x_wconf 92' lang='lat' dir='ltr'>per</span> <span class='ocrx_word' id='word_1_261' title='bbox 994 4249 1069 4312; x_wconf 88' lang='lat' dir='ltr'>haec</span> <span class='ocrx_word' id='word_1_262' title='bbox 1084 4249 1232 4329; x_wconf 87' lang='lat' dir='ltr'>gratiam</span> <span class='ocrx_word' id='word_1_263' title='bbox 1259 4248 1395 4311; x_wconf 89' lang='lat' dir='ltr'>inaudi-</span> 
     </span>
     <span class='ocr_line' id='line_1_36' title="bbox 296 4346 1395 4424; baseline 0.001 -13"><span class='ocrx_word' id='word_1_264' title='bbox 296 4357 381 4424; x_wconf 86' lang='lat' dir='ltr'>tam,</span> <span class='ocrx_word' id='word_1_265' title='bbox 407 4346 561 4411; x_wconf 88' lang='lat' dir='ltr'>haeredes</span> <span class='ocrx_word' id='word_1_266' title='bbox 593 4348 672 4424; x_wconf 92' lang='lat' dir='ltr'>Dei,</span> <span class='ocrx_word' id='word_1_267' title='bbox 698 4347 893 4411; x_wconf 88' lang='lat' dir='ltr'>cohaeredes</span> <span class='ocrx_word' id='word_1_268' title='bbox 923 4369 1006 4412; x_wconf 91' lang='lat' dir='ltr'>vero</span> <span class='ocrx_word' id='word_1_269' title='bbox 1033 4347 1175 4424; x_wconf 87' lang='lat' dir='ltr'>Christi,</span> <span class='ocrx_word' id='word_1_270' title='bbox 1202 4347 1395 4412; x_wconf 86' lang='lat' dir='ltr'>divinitatis</span> 
     </span>
    </p>

    <p class='ocr_par' dir='ltr' id='par_1_3' title="bbox 296 4432 1479 4629">
     <span class='ocr_line' id='line_1_37' title="bbox 296 4432 1479 4530; baseline 0.001 -21"><span class='ocrx_word' id='word_1_271' title='bbox 296 4446 518 4522; x_wconf 90' lang='lat' dir='ltr'>consortium,</span> <span class='ocrx_word' id='word_1_272' title='bbox 551 4445 726 4510; x_wconf 83' lang='lat' dir='ltr'>felicitatis</span> <span class='ocrx_word' id='word_1_273' title='bbox 756 4453 895 4510; x_wconf 88' lang='lat' dir='ltr'>aeternae</span> <span class='ocrx_word' id='word_1_274' title='bbox 931 4448 1150 4530; x_wconf 89' lang='lat' dir='ltr'>participium</span> <span class='ocrx_word' id='word_1_275' title='bbox 1182 4448 1395 4512; x_wconf 87' lang='lat' dir='ltr'>sortiremur.</span> <span class='ocrx_word' id='word_1_276' title='bbox 1475 4432 1479 4439; x_wconf 59' lang='grc'><em>’</em></span> 
     </span>
     <span class='ocr_line' id='line_1_38' title="bbox 296 4546 1396 4629; baseline 0.002 -20"><span class='ocrx_word' id='word_1_277' title='bbox 296 4546 343 4609; x_wconf 89' lang='lat' dir='ltr'>Et</span> <span class='ocrx_word' id='word_1_278' title='bbox 365 4547 445 4609; x_wconf 89' lang='lat' dir='ltr'>licet</span> <span class='ocrx_word' id='word_1_279' title='bbox 474 4563 535 4626; x_wconf 86' lang='lat' dir='ltr'>per</span> <span class='ocrx_word' id='word_1_280' title='bbox 562 4547 710 4626; x_wconf 90' lang='lat' dir='ltr'>gratiam</span> <span class='ocrx_word' id='word_1_281' title='bbox 736 4546 893 4629; x_wconf 88' lang='lat' dir='ltr'>adoptati</span> <span class='ocrx_word' id='word_1_282' title='bbox 924 4547 1077 4629; x_wconf 90' lang='lat' dir='ltr'>quotidie</span> <span class='ocrx_word' id='word_1_283' title='bbox 1100 4565 1226 4610; x_wconf 85' lang='lat' dir='ltr'>causas</span> <span class='ocrx_word' id='word_1_284' title='bbox 1252 4546 1396 4628; x_wconf 89' lang='lat' dir='ltr'>ingrati·</span> 
     </span>
    </p>
   </div>
   <div class='ocr_carea' id='block_1_3' title="bbox 0 0 1696 5625">
    <p class='ocr_par' dir='ltr' id='par_1_4' title="bbox 0 0 1696 5625">
     <span class='ocr_line' id='line_1_39' title="bbox 0 0 1696 5625; baseline 0 0"><span class='ocrx_word' id='word_1_285' title='bbox 0 0 1696 5625; x_wconf 95' lang='lat' dir='ltr'> </span> 
     </span>
    </p>
   </div>
  </div>
 </body>
</html>
