3384 5625
715 786 918 833 LEOTIONES
941 787 1078 835 VARIAE.

389 989 458 1053 qua
472 970 617 1033 desaevit
633 968 669 1032 in
685 967 865 1031 ecclesiam
884 966 1026 1043 Christi,
1045 973 1080 1030 et
1095 966 1184 1030 hanc
1204 986 1303 1031 suam
1328 986 1446 1031 necem

389 1070 584 1152 procuravi,
602 1069 792 1149 imperante
810 1074 1064 1149 protomartyre
1075 1064 1213 1147 Angliae
1225 1067 1329 1130 beato
1341 1065 1448 1129 Alba-

390 1188 447 1245 no,
463 1170 523 1250 qui
539 1177 682 1249 questus
699 1174 752 1229 est
771 1167 932 1243 Domino,
950 1166 1042 1247 quod
1060 1165 1225 1252 ininsula
1243 1166 1448 1241 Britanniae,

389 1267 490 1350 cujus
510 1268 585 1349 ipse
607 1267 671 1330 suit
687 1266 818 1347 primus
835 1272 1005 1341 sacrator,
1024 1284 1131 1346 supra
1150 1264 1289 1328 modum
1309 1283 1449 1345 grassa·

390 1367 508 1430 retur!
546 1365 671 1430 Comes
685 1365 794 1444 igitur
804 1363 879 1427 haec
891 1364 993 1428 sociis
1008 1364 1127 1426 statim
1141 1364 1308 1428 narravit.
1350 1361 1449 1426 Infra

390 1466 541 1529 triduum
555 1474 671 1528 autem
688 1463 762 1526 haec
777 1465 893 1526 omnia
908 1482 992 1528 vera
1007 1463 1146 1544 reperit,
1162 1482 1224 1544 per
1241 1462 1448 1525 mediatores

391 1566 530 1628 oculata
548 1564 614 1627 fide
631 1570 808 1644 expertus·

352 1688 410 1724 Pac.
434 1688 486 1725 HN.

342 1751 418 1824 160,
435 1752 487 1826 28,
504 1747 653 1814 habebant
744 1747 837 1810 addit
864 1746 989 1825 Paris,
1019 1747 1107 1812 Cum
1138 1754 1319 1827 regnasset
1349 1746 1449 1810 annis

766 1845 942 1911 tredecim.

344 1968 553 2044 161‚11,aa
570 1976 605 2030 at
746 1977 782 2033 et
797 1976 850 2033 ut.

342 2131 394 2143 -
438 2093 490 2167 22,
505 2091 562 2175 qai
586 2111 657 2153 con-
747 2093 802 2156 cui
818 2092 983 2155 continuo
1001 2111 1022 2156 a
1038 2091 1218 2168 Mauritio,
1238 2091 1449 2156 Londinensi
1526 2132 1529 2135 ι

507 2190 593 2253 tinae
769 2192 944 2272 episcopo,
967 2198 1002 2254 et
1024 2211 1046 2255 a
1070 2190 1217 2267 Thoma,
1238 2190 1449 2255 Eboracensi

770 2290 1038 2372 archiepiscopo,
1062 2308 1191 2353 corona
1212 2290 1318 2371 capiti
1341 2290 1450 2371 impo-

769 2390 875 2452 nitur.

344 2549 394 2559 -
439 2509 490 2582 25,
504 2506 645 2569 coercuit
748 2511 840 2574 addit
876 2511 1001 2587 Paris,
1044 2508 1124 2574 Hoc
1169 2517 1323 2591 tempore
1358 2510 1449 2591 apud

771 2608 947 2691 Berksyre
964 2610 998 2671 in
1018 2609 1166 2691 quodam
1188 2628 1292 2691 pago,
1311 2609 1346 2671 in
1366 2609 1451 2673 villa

772 2707 998 2785 Humestede,
1028 2709 1170 2789 sanguis
1201 2709 1376 2771 emanavit
1406 2708 1449 2771 de

771 2817 876 2886 terra,
901 2807 1074 2872 continuis
1100 2806 1293 2890 quindecim
1317 2806 1449 2884 diebus,

770 2915 842 2971 tam
870 2909 1009 2989 copiose
1039 2915 1078 2971 ut
1107 2905 1258 2988 amplum
1287 2913 1450 2988 stagnum

770 3007 920 3088 tingeret
937 3014 972 3070 et
986 3006 1152 3070 inficeret.

348 3129 420 3204 163,
439 3130 490 3204 26,
500 3127 714 3192 misericordia
751 3129 898 3193 miseria.

349 3251 678 3328 laniatorum
748 3252 824 3316 The
841 3251 958 3334 Royal
972 3251 1050 3316 MS.
1073 3251 1170 3327 adds,
1191 3251 1268 3316 that
1287 3252 1333 3315 all
1353 3252 1451 3316 these

770 3352 937 3428 charters,
950 3352 1046 3415 three
1064 3350 1146 3432 only
1162 3352 1341 3433 excepted,
1359 3371 1450 3415 were

769 3451 851 3528 lost,
868 3449 1039 3514 ‘diversis
1063 3450 1193 3513 viribus
1214 3451 1269 3513 vel
1292 3450 1451 3524 fallaciiS,

771 3551 831 3613 vix
858 3549 968 3612 tribus
997 3547 1265 3624 remanentibus,
1290 3549 1452 3613 videlicet

772 3647 866 3729 apud
876 3645 1452 3728 Canthariam,apudS.Albanum,

772 3753 807 3808 et
823 3746 914 3826 apud
932 3744 1149 3808 Eboracum'
1203 3745 1277 3809 Fol.
1293 3745 1337 3808 36
1352 3745 1378 3808 d.

348 3907 398 3918 -
444 3870 499 3940 25,
516 3889 687 3931 monumen-
750 3867 825 3930 The
840 3867 979 3932 Cotton.
998 3866 1073 3930 MS.
1091 3868 1132 3931 of
1143 3867 1244 3931 Paris
1260 3869 1346 3932 adds
1359 3867 1453 3944 here,

514 3976 579 4029 tam
771 3966 899 4029 ‘Idem
925 3966 1100 4030 Henricus
1127 3966 1350 4048 desponsavit
1373 3966 1453 4030 Ma-

771 4065 890 4128 tildem
914 4066 1019 4128 filiam
1041 4065 1232 4141 Malcolmi,
1255 4066 1347 4146 regis
1372 4066 1452 4129 Sco

771 4165 842 4238 tiae,
870 4184 915 4227 ex
938 4184 1007 4245 qua
1035 4165 1156 4243 genuit
1178 4164 1392 4228 Willelmum
1418 4172 1454 4228 et

771 4262 878 4325 filiam
906 4282 1022 4337 unam,
1048 4264 1184 4325 nomine
1208 4271 1245 4326 et
1271 4264 1453 4328 honestate

771 4368 917 4423 matrem
932 4368 1252 4442 repraesentantem,
1267 4381 1371 4444 quam
1383 4363 1453 4427 vir-

773 4461 888 4539 ginem
947 4460 1206 4541 quinquennem
1265 4462 1454 4543 imperator

774 4557 810 4619 H
813 4559 950 4619 enricus
969 4557 1069 4638 petiit
1085 4564 1120 4620 et
1135 4558 1293 4640 accepit.'
