3384 5625
702 788 989 837 lrvvltonucvlox.

516 1045 566 1107 Dc
582 1066 661 1107 coca
675 1045 819 1108 servituto
832 1044 961 1109 ccclesia
977 1044 1172 1129 Acyllam.

344 1166 449 1231 Anno
468 1168 607 1231 Domini
627 1185 749 1231 unxx.
767 1188 829 1232 rex
844 1168 1042 1233 Willelmus
1064 1169 1234 1233 diabolico
1256 1171 1390 1235 excita·

294 1276 349 1331 tus
380 1268 516 1350 spiritu,
539 1268 595 1332 vel
623 1268 789 1331 malorum
813 1268 989 1331 hominum
1016 1268 1161 1334 consilio
1187 1269 1390 1347 fascinatus,

293 1368 408 1431 omnia
421 1366 616 1449 Anglorum
632 1368 945 1449 monasteriaque>
960 1368 1025 1435 sub
1039 1369 1252 1450 temporibus
1267 1389 1387 1451 regum

294 1466 433 1547 Angliae
469 1466 700 1550 piissimorum
738 1486 824 1549 pace
859 1476 894 1531 et
927 1467 1086 1531 libertate
1114 1469 1390 1548 gratulabantur,

294 1585 378 1629 auro
393 1567 546 1648 spolians
561 1573 597 1629 et
607 1574 752 1646 argento
769 1566 1010 1630 insatiabiliter
1025 1568 1275 1649 appropriavit,
1290 1587 1389 1632 sanc-

294 1673 407 1728 torum
423 1674 561 1748 patrum
584 1684 653 1728 non
670 1665 826 1730 deferens
843 1666 1090 1743 sanctionibus,
1108 1668 1224 1743 cartis,
1239 1676 1301 1731 aut
1318 1676 1390 1732 sta·

295 1765 403 1843 tutis3
435 1766 540 1828 immo
566 1765 670 1828 etiam
699 1784 761 1828 nec
783 1766 919 1829 feretris
950 1766 1103 1847 pepercit
1128 1773 1189 1829 aut
1213 1766 1389 1830 calicibus.

295 1862 524 1945 Episcopatus
539 1871 655 1928 autem
669 1870 705 1928 et
719 1865 878 1928 abbatias
892 1883 1011 1927 omnes
1028 1883 1106 1945 quac
1123 1865 1283 1927 baronias
1298 1874 1390 1929 tene·

295 1963 390 2040 bant,
417 1971 452 2026 et
479 1971 623 2027 eatenus
651 1964 695 2027 ab
723 1964 816 2027 omni
847 1964 990 2028 servitio
1016 1964 1162 2027 seculari
1195 1965 1390 2028 libertatem

295 2061 497 2139 habuerant,
532 2064 596 2126 sub
628 2063 795 2126 servitute
835 2063 960 2127 statuit
999 2062 1160 2141 militari;
1197 2063 1391 2128 inrotulans

295 2161 513 2243 episcopatus
536 2170 572 2225 et
593 2162 751 2226 abbatias
775 2182 838 2243 pro
863 2162 1042 2226 voluntate
1067 2180 1131 2226 sua
1154 2171 1238 2243 quot
1264 2164 1390 2228 milites

296 2261 418 2325 sibiet
444 2263 701 2325 successoribus
730 2261 802 2325 suis
830 2261 1031 2325 hostilitatis
1058 2268 1212 2344 tempore
1237 2262 1347 2326 voluit
1369 2284 1391 2326 a

295 2360 441 2440 singulis
458 2360 623 2424 exhiberi.
675 2361 722 2424 Et
739 2361 872 2424 rotulos
888 2360 992 2444 hujus
1012 2361 1189 2425 servitutis
1206 2378 1336 2443 ponens
1354 2364 1390 2426 in

295 2458 476 2535 thesauris,
502 2459 629 2523 multos
646 2460 739 2523 viros
764 2460 1028 2536 ecclesiasticos,
1051 2460 1131 2523 huic
1153 2459 1392 2524 constitutioni

295 2559 452 2639 pessimae
484 2558 628 2623 rebelles
659 2568 694 2623 et
724 2560 1012 2636 contradicentes,
1050 2578 1072 2623 a
1104 2578 1211 2641 regno
1243 2559 1390 2641 fugavit,

295 2656 354 2739 qui
376 2658 496 2721 exules
518 2666 554 2721 et
571 2677 741 2741 pauperes
759 2659 916 2722 morituri
937 2659 1004 2740 ipsi
1021 2666 1167 2739 tyranno
1184 2658 1391 2739 praecordia·

295 2755 373 2820 liter
405 2758 679 2839 maledicebant3
713 2759 803 2822 unde
825 2759 985 2823 timemus
1008 2776 1050 2821 ne
1073 2758 1162 2821 tanti
1184 2757 1288 2821 fuerit
1310 2758 1391 2821 talis

294 2856 508 2939 imprecatio,
535 2866 574 2920 ut
600 2859 638 2922 in
661 2859 772 2940 ipsum
797 2868 832 2924 et
860 2859 896 2922 iu
922 2858 1049 2922 multos
1074 2877 1146 2920 suae
1174 2857 1389 2938 posteritatis

295 2956 508 3022 descenderit
532 2968 738 3040 propagata.
791 2959 863 3022 Sub
891 2957 956 3021 hac
982 2977 1064 3021 vero
1091 2964 1296 3039 tempestate
1320 2957 1390 3022 Sti·

295 3055 452 3136 gandus,
483 3055 743 3121 cantuariensis
785 3058 1074 3141 archiepiscopus
1113 3062 1149 3120 et
1180 3055 1391 3135 Alexander,

296 3153 560 3234 Liucolnieusis‚
588 3156 681 3221 facto
714 3157 757 3221 ad
784 3157 907 3222 Scotos
934 3156 1077 3238 refugio,
1107 3175 1238 3220 moram
1264 3156 1391 3219 ibidem

294 3253 459 3332 fecerunt,
484 3255 528 3318 ad
548 3263 685 3337 tempus
701 3257 893 3321 latitantes.
938 3255 1040 3319 Solus
1058 3274 1139 3318 vero
1162 3256 1253 3318 inter
1271 3275 1392 3319 omnes

295 3351 431 3434 Angliae
468 3355 632 3436 praelatos
663 3355 876 3435 EgelwiuuS,
915 3355 1157 3417 Dunelmeusis
1196 3354 1391 3436 episcopus,

295 3453 388 3529 exul,
408 3454 518 3517 zelum
541 3455 608 3518 Dei
628 3455 791 3529 retinens,
813 3452 1124 3516 excommunicavit
1140 3451 1317 3514 universos
1338 3472 1390 3515 ec-

295 3551 408 3616 clesiae
423 3554 613 3618 invasores.
660 3553 790 3616 Eodem
808 3571 911 3627 anuo,
930 3551 1088 3633 deposito
1106 3556 1267 3631 apostata
1281 3550 1392 3613 archi-

295 3653 455 3734 episcopo
473 3653 651 3735 stigando,
671 3653 731 3735 qui
753 3653 849 3734 prius
869 3651 1055 3715 simoniace
1071 3649 1184 3714 fuerat
1209 3649 1391 3732 episcopus

296 3748 588 3830 Helmhameusis,
611 3772 653 3815 ac
679 3752 840 3834 deinceps
857 3749 1121 3825 Wiutouiensis,
1148 3757 1183 3812 et
1207 3750 1391 3813 novissime

296 3847 566 3928 cantuariensis
585 3871 719 3915 necnon
736 3857 772 3914 et
787 3852 878 3932 regis
892 3848 1059 3914 Willelmi
1072 3848 1187 3911 fautor
1212 3848 1389 3926 subdoluS,

294 3947 441 4029 turpiter
468 3951 572 4014 cessit
591 3959 627 4014 et
651 3951 785 4032 turpius
809 3950 968 4025 decessit,
991 3949 1047 4013 cui
1070 3948 1278 4026 subrogatur
1301 3947 1391 4011 Lau·

293 4046 432 4110 francus
457 4049 723 4126 literatissimus,
752 4052 874 4132 quiex
896 4047 1063 4112 monacho
1093 4046 1257 4108 Beccansi
1284 4046 1391 4110 abhas

293 4145 406 4210 factus
422 4146 646 4212 Cadomeusis
664 4148 708 4213 ad
728 4149 859 4212 dictum
881 4145 1201 4228 archipraesulatum
1224 4145 1290 4207 rite
1313 4166 1392 4227 pro-

294 4255 464 4310 movetur.
517 4247 593 4311 Isto
619 4268 700 4312 vero
723 4257 930 4330 procurante
946 4251 1131 4329 ,promotus
1155 4243 1261 4306 estin
1283 4244 1390 4308 abha-

293 4352 362 4407 tem
389 4347 501 4410 sancti
529 4346 668 4424 Albani,
695 4346 890 4428 Anglorum
924 4343 1224 4428 prothomartyris,
1259 4340 1390 4407 Paulus

293 4445 482 4509 monachus
511 4447 786 4511 ordinatissimus
812 4446 878 4510 rite
903 4464 943 4509 ac
966 4445 1135 4520 feliciter3
1172 4442 1232 4524 qui
1265 4442 1389 4505 ibidem

294 4552 330 4606 et
360 4545 515 4609 ordinem
553 4548 779 4633 monasticum
816 4545 1003 4627 reparavit,
1032 4551 1067 4606 et
1092 4541 1271 4605 ecclesiam
1304 4541 1389 4604 miro

1223 4661 1239 4701 c
