3384 5625
347 740 412 803 116
717 746 918 796 cncrronns
943 744 1073 792 vnnrn.

349 880 406 1019 ἔδῃ,
443 878 497 1017 pp,
509 937 670 1004 collocavit
749 933 843 999 addit
853 921 1199 1007 Paris.‚Circa¹idem
1211 922 1455 1005 tempusvenit

773 1035 846 1097 dux
861 1030 1027 1104 nustriae,
1036 1037 1087 1104 ut,
1098 1028 1134 1089 in
1144 1024 1253 1087 Terra
1262 1030 1384 1085 sancta
1395 1041 1455 1085 vo-

771 1142 930 1196 -tumsuee
941 1121 1454 1212 peregrinationisperficiendo,

774 1234 809 1297 in
826 1229 980 1294 exercitu
999 1226 1197 1292 Christiano
1216 1223 1292 1286 Deo
1309 1220 1457 1284 fideliter

775 1331 940 1394 militaret
961 1334 997 1391 et
1012 1323 1205 1390 salvatoris
1223 1321 1372 1402 vestigia
1391 1321 1456 1384 ibi-

776 1432 854 1494 dem
866 1428 1037 1492 adoraret.
1073 1424 1230 1505 Cumque
1247 1421 1369 1503 praevii
1380 1421 1456 1504 ejus

777 1528 970 1593 marescalli
997 1526 1063 1589 sibi
1089 1522 1276 1605 hospitium
1301 1521 1455 1603 accepis-

777 1635 857 1693 sent
870 1637 907 1692 et
922 1624 1117 1689 necessaria
1131 1628 1380 1705 praepararent,
1397 1639 1457 1684 su-

780 1721 1345 1810 pervenitpraecipitenterquidam
1359 1719 1458 1783 miles

780 1829 822 1891 de
843 1826 976 1890 familia
1003 1822 1095 1904 regis
1124 1819 1291 1885 Richardi
1317 1819 1458 1883 natione

780 1926 947 2004 Neuster‚
967 1931 1002 1988 et
1018 1940 1113 1986 more
1138 1939 1211 1984 suae
1230 1920 1345 2001 gentis
1363 1919 1460 1983 ebul-

781 2026 869 2089 liens
881 2022 1031 2090 stultitia
1048 2041 1125 2086 cum
1137 2019 1311 2104 jactantia
1326 2038 1460 2083 assere·

783 2127 843 2188 bet
877 2145 914 2189 se
939 2121 1052 2206 majus
1075 2121 1135 2205 jus
1161 2120 1196 2182 in
1220 2119 1280 2182 illo
1308 2118 1459 2202 hospitio

779 2224 910 2288 habere
942 2241 1046 2304 quam
1083 2219 1209 2300 aliquis
1247 2218 1348 2296 alius
1380 2238 1460 2282 cum

784 2323 881 2405 prius
907 2321 990 2384 illuc
1018 2319 1205 2384 adveniens
1228 2319 1294 2381 sibi
1320 2319 1462 2401 suisque

783 2422 888 2485 sociis
906 2419 993 2484 illud
1016 2420 1241 2501 assignasset.
1293 2418 1465 2502 Multipli-

779 2520 873 2585 catis
889 2519 1050 2584 convitiis
1071 2518 1254 2600 utrobique
1273 2518 1465 2582 clamored

785 2640 887 2684 aures
912 2619 1004 2701 regis
1028 2618 1196 2701 pervenit.
1249 2616 1329 2681 Rex
1348 2625 1465 2683 autem

786 2720 889 2784 nimis
913 2737 1027 2783 causae
1048 2716 1243 2781 Normanni
1263 2717 1464 2781 favorabilis

788 2829 826 2883 et
840 2819 1000 2883 credulus
1018 2819 1154 2881 inirem
1173 2818 1365 2902 excanduit
1382 2837 1464 2882 con·

787 2926 844 2982 tre
859 2917 1026 2980 familiam
1041 2917 1149 2993 ducis,
1175 2924 1211 2981 et
1228 2936 1299 2980 non
1319 2936 1465 3000 perpen-

788 3017 873 3081 dens
896 3016 1044 3080 civiliter
1067 3017 1285 3080 moderamen
1309 3017 1468 3081 Domini·

785 3135 879 3193 cum,
897 3115 1041 3193 scilicet,
1058 3122 1067 3149 ‘
1083 3115 1300 3179 Descendem
1323 3124 1358 3180 ct
1374 3115 1469 3181 vide-

788 3215 857 3292 bo,’
877 3215 1043 3297 proecepit
1065 3215 1333 3298 praecipitanter‚
1358 3223 1394 3280 et
1415 3235 1468 3280 se-

790 3333 851 3378 cus
864 3333 968 3396 quam
983 3315 1131 3391 deceret,
1142 3321 1180 3378 ut
1195 3314 1360 3379 vexillum
1373 3315 1471 3380 ducis

789 3416 826 3477 in
838 3414 958 3477 eodem
973 3412 1123 3496 hospitio
1139 3433 1202 3496 pro
1214 3414 1315 3494 signo
1327 3412 1469 3479 affixum

791 3514 825 3575 in
843 3513 998 3576 cloacam
1010 3513 1225 3596 dejiceretur.
1278 3511 1382 3591 Quod
1399 3514 1473 3578 iec-

792 3620 866 3674 tum
890 3631 968 3675 cum
992 3610 1065 3675 dux
1088 3610 1238 3694 hospitio
1262 3613 1419 3694 privatus
1437 3622 1474 3679 et

793 3710 941 3793 turpiter
962 3729 985 3773 a
1007 3709 1042 3775 N
1045 3712 1219 3775 ormannis
1235 3707 1402 3792 'garrulis
1424 3714 1473 3777 ia·

792 3811 939 3873 cessitus
950 3811 1170 3891 cognovisset
1181 3829 1298 3892 regem
1308 3812 1474 3893 querulus

790 3909 890 3983 adiit,
908 3907 969 3972 sed
986 3908 1070 3972 nihil
1094 3910 1160 3973 nisi
1173 3929 1302 3974 sannas
1319 3919 1476 3992 reporta·

793 4008 857 4071 vit.
909 4008 1012 4074 Unde
1032 4008 1106 4072 dux
1127 4027 1150 4072 a
1171 4027 1252 4091 rege
1273 4017 1411 4092 spretus
1431 4009 1476 4075 ad

407 4226 598 4289 ¹Circoidem‚]
620 4225 689 4286 Ipsis
699 4239 800 4285 quoque
814 4224 906 4274 diebus
964 4222 1106 4274 'Gerr-ulis
1131 4227 1257 4276 lacescitur
1283 4227 1467 4292 cognovisset]

370 4313 429 4346 cum
439 4299 472 4346 lis
486 4296 592 4344 oriretur
603 4294 635 4342 de
646 4294 762 4354 hospitiis
773 4294 905 4354 capiendis
931 4295 984 4346 Qui
1004 4295 1036 4343 de
1062 4309 1130 4344 more
1152 4297 1252 4346 verbosi
1275 4299 1352 4346 verba
1376 4298 1472 4346 incom-

371 4368 436 4415 inter
447 4365 556 4428 praevios
565 4363 743 4412 mareschallor
752 4363 826 4412 ducis
837 4364 906 4413 Aus·
929 4365 1013 4425 positu
1033 4369 1060 4412 et
1082 4365 1226 4425 ampullosa
1247 4367 1382 4427 ebulliunt,
1402 4367 1471 4415 didi·

370 4437 427 4484 triae
439 4439 465 4484 et
475 4435 627 4495 armigerum
633 4433 767 4495 cujusdam
777 4434 866 4482 militis
873 4434 905 4483 de
930 4436 1024 4493 cisset3
1044 4434 1086 4482 Ge.
1098 4439 1123 4482 et
1135 4435 1169 4484 R.

372 4504 537 4564 Normumiu,
548 4508 574 4551 et
584 4502 694 4562 cle-mon
713 4503 788 4551 Geet
800 4503 833 4553 R.
