3384 5625
628 786 827 834 anemonas
853 788 987 835 viarm.
1294 778 1359 843 115

300 974 393 1031 ante.
445 968 492 1033 Et
513 968 563 1032 sic
586 988 650 1031 rex
669 968 781 1033 victor
799 968 924 1034 Achon
943 970 1046 1034 rediit
1066 971 1297 1052 laetabunduS,
1321 984 1356 1041 et

300 1075 379 1149 post
396 1087 526 1150 paucos
546 1067 620 1132 dies
636 1068 757 1131 exiens
774 1070 818 1132 ad
836 1069 860 1132 J
863 1089 964 1152 open,
985 1090 1055 1133 non
1073 1072 1177 1153 longe
1197 1092 1218 1136 a
1239 1074 1355 1139 Caesa-

300 1187 369 1245 rea,
391 1168 530 1250 repulso
555 1167 766 1231 Salahadino
791 1188 869 1232 cum
892 1176 967 1233 toto
988 1172 1142 1234 exercitu
1169 1191 1234 1236 suo
1259 1175 1353 1239 victo

296 1273 333 1331 et
356 1268 504 1349 turpiter
532 1267 699 1349 fugiente,
722 1268 902 1332 victoriam
929 1269 1115 1351 gloriosam
1144 1281 1350 1338 consecutus

296 1372 362 1431 est.
414 1366 521 1430 Dedit
547 1367 656 1447 igitur
685 1374 767 1431 tune
791 1367 946 1432 Henrieo
972 1370 1090 1451 nepoti
1117 1389 1180 1434 suo
1207 1392 1351 1453 regnum

297 1465 654 1549 Hierosolymitanum
681 1486 759 1530 cum
787 1487 898 1531 uxore
930 1468 1103 1533 marchisii
1135 1469 1179 1533 de
1212 1471 1352 1536 Monte-

297 1566 453 1630 Ferrato.
510 1566 641 1629 Eodem
666 1573 819 1649 tempore
845 1568 991 1631 redemit
1015 1578 1213 1632 sanctorum
1244 1571 1349 1652 pluri-

296 1685 429 1729 morum
456 1665 631 1747 reliquiae,
657 1684 745 1747 quas
767 1666 998 1731 Salahadinus
1027 1675 1178 1749 ceperat,
1204 1689 1267 1751 pro
1296 1671 1350 1734 in-

176 1799 179 1803 *
295 1765 395 1830 finita
407 1766 576 1848 pecunia3
597 1764 646 1829 Oa.
659 1773 689 1828 et
702 1766 744 1827 B.

243 1911 300 1948 PAG.
337 1911 390 1949 tm.

244 1986 296 2067 47,
336 1992 386 2066 ll,
401 1999 510 2153 abigam
519 1990 591 2055 mil·
642 1990 914 2073 quatuordecim.

242 2256 293 2267 -
338 2211 390 2291 17,
401 2215 593 2299 philacteria
641 2211 846 2293 philaterna.

243 2339 295 2413 49,
333 2340 384 2414 13,
400 2336 572 2422 oppuribao
641 2339 808 2422 patribus.

241 2503 291 2514 -
336 2464 388 2539 23,
402 2461 576 2547 appetibile
642 2460 810 2542 patribus·

240 2627 292 2638 -
335 2588 387 2663 33,
403 2586 576 2671 disponatis
639 2583 732 2647 addit
743 2583 871 2659 Paris,
885 2580 966 2645 Hoc
982 2601 1073 2647 anno
1087 2584 1172 2647 obiit
1184 2584 1342 2648 Clemens

661 2702 763 2765 papa,
775 2683 829 2746 cui
840 2681 1008 2745 successit
1019 2680 1227 2759 CelestinuS,
1239 2703 1259 2745 a
1273 2704 1341 2765 quo

664 2781 838 2847 Henrious
864 2782 1054 2862 imperator
1077 2789 1263 2846 coronatus
1289 2789 1342 2847 est

661 2883 696 2944 in
709 2881 829 2963 vigilia
843 2881 957 2944 saneti
972 2880 995 2943 J
998 2880 1144 2972 ohannis
1158 2882 1341 2964 Baptistae.

241 3009 293 3080 50,
354 3006 591 3084 &Rodanum
641 3006 749 3089 Hugo
781 3006 899 3089 itaque
940 3005 982 3068 de
1024 3003 1169 3068 Nonant
1207 3007 1343 3088 expulit

396 3127 475 3190 pore
660 3106 846 3170 monachos
868 3105 910 3169 de
935 3105 1082 3169 ecclesia
1100 3103 1340 3182 Coventrensi,

658 3206 843 3269 instituens
885 3203 1011 3267 ibidem
1056 3204 1200 3268 clericos
1241 3224 1338 3268 secu-

658 3305 759 3367 lares.

238 3429 291 3500 54,
351 3432 381 3505 5,
399 3427 511 3512 ripiati
533 3449 588 3491 oo·
636 3425 870 3510 quadraginta
889 3441 1025 3488 novem.

401 3548 467 3590 aem

238 3651 292 3724 55,
351 3653 385 3724 8,
401 3650 517 3714 mustis
635 3651 783 3728 onustis,
797 3648 948 3713 maxime
959 3666 1038 3710 cum
1049 3644 1270 3735 victualibus,
1283 3656 1338 3710 ut-

657 3757 739 3833 pote
754 3749 939 3823 frumento,
965 3743 1171 3828 amygdalis
1192 3745 1337 3823 ficubus,

657 3850 734 3914 uvis
750 3849 862 3931 passis
880 3854 915 3911 et
927 3845 1182 3924 consimilibus3
1203 3844 1336 3909 Orata.

235 4008 287 4018 —
352 4010 379 4022 -
402 3969 570 4033 ammori-
635 3972 928 4046 numerositatem,
968 3988 1073 4052 quam
1120 3967 1337 4033 Caravanam

400 4078 493 4133 totam
657 4070 783 4151 vulgus
809 4069 983 4153 appellat3
1005 4066 1151 4130 dealt.

234 4235 285 4246 -
331 4194 382 4270 12,
398 4191 536 4256 Rideam
634 4194 836 4259 Turbatam.

232 4358 284 4369 -
329 4318 383 4392 14,
401 4313 561 4381 distribuit
633 4318 821 4394 distribuit,
850 4315 1001 4379 maxime
1025 4319 1143 4378 tamen
1165 4311 1337 4377 Norman-

655 4419 721 4495 nis,
747 4435 834 4498 quos
864 4433 937 4497 prae
961 4413 1095 4478 caeteris
1122 4412 1247 4477 dilexit
1274 4432 1334 4476 na-

655 4517 819 4581 tionibus

1187 4633 1229 4676 12
