3384 5625
666 759 866 808 uncelenus
891 758 1023 807 VARlAE.

347 943 516 1008 somnium
530 944 657 1017 evenit,
679 942 792 1006 sedin
809 943 977 1021 veritate;
1001 942 1057 1005 cui
1075 941 1308 1005 testimoninm
1327 961 1404 1023 per-

347 1042 442 1107 hibet
458 1043 571 1107 finalis
589 1043 639 1106 rei
656 1049 813 1118 eventus,
836 1049 872 1104 et
892 1042 1073 1124 cujusdam
1095 1041 1225 1117 fratriS,
1240 1041 1403 1105 videlicet

346 1144 505 1207 monachi
532 1142 686 1207 eeclesiae
711 1143 824 1205 sancti
846 1140 985 1217 Albani,
1021 1141 1190 1204 Gileberti
1217 1142 1260 1205 de
1291 1141 1403 1204 Sisse-

346 1261 462 1319 verne,
479 1241 721 1307 testimonialis
737 1242 895 1317 assertio,
909 1242 969 1324 qui
983 1242 1181 1322 frequenter
1199 1260 1221 1303 a
1237 1241 1404 1323 praedicto

349 1341 505 1406 Roberto
527 1343 576 1405 rei
595 1340 718 1405 seriem
741 1341 994 1417 sciscitabatur,
1018 1348 1054 1404 et
1072 1340 1255 1421 diligenter
1276 1341 1405 1404 verita-

347 1448 416 1504 tem
431 1443 496 1505 sub
514 1441 737 1506 attestatione
761 1439 929 1504 tremendi
948 1440 1084 1524 judicii,
1106 1446 1228 1521 utpote
1250 1441 1305 1504 vir
1324 1460 1402 1522 pru-

347 1541 432 1605 dens
453 1549 489 1605 et
502 1541 674 1618 literatus,
688 1539 888 1604 medullitus
904 1540 1111 1622 exploravit.

307 1679 365 1718 PAO.
389 1681 441 1718 un.

296 1743 371 1821 391,
409 1746 441 1820 9,
454 1743 490 1806 io
502 1744 571 1807 usu
589 1791 618 1805 ..
637 1790 645 1806 .
698 1740 781 1805 Non
794 1742 885 1817 visu,
897 1741 957 1805 sed
974 1762 1024 1818 re,
1039 1742 1114 1805 sine
1132 1740 1249 1823 aliqua
1265 1740 1402 1803 haesita-

462 1863 496 1907 re
719 1840 1003 1905 tionc.-Erased
1018 1840 1086 1905 and
1103 1841 1240 1904 written
1255 1860 1340 1905 over
1356 1842 1401 1922 by

719 1939 821 2003 Paris
837 1941 875 2004 in
894 1942 938 2006 B.

297 2101 347 2110 —
392 2066 444 2141 24,
454 2067 633 2149 penetrauit
696 2063 909 2127 ascenderat.

297 2189 372 2264 392,
410 2190 441 2265 9,
458 2190 610 2253 continca-
697 2188 955 2251 abstinentiam.

462 2288 508 2351 tia
847 2304 851 2308 ·

297 2446 348 2456 -
393 2413 446 2485 18,
460 2412 564 2476 Porro
589 2414 649 2499 sip-
698 2409 741 2473 Iu
766 2409 824 2472 the
851 2408 950 2492 place
973 2409 1014 2473 of
1035 2407 1133 2473 these
1158 2407 1318 2490 chapters
1342 2410 1402 2474 the

462 2533 573 2577 uorum
720 2509 835 2592 Royal
852 2508 928 2572 MS.
945 2509 1070 2591 simply
1090 2508 1217 2591 speaks
1240 2509 1281 2572 of
1298 2511 1399 2573 mira-

719 2610 789 2673 cles
804 2627 843 2671 as
854 2629 933 2672 now
951 2608 1153 2692 appearing,
1169 2610 1292 2672 ‘itaut
1307 2609 1400 2674 vide-

717 2718 837 2773 rentur
864 2709 1099 2791 apostolorum
1121 2716 1277 2790 tempora
1298 2729 1398 2773 reno·

717 2811 792 2874 vari
805 2809 828 2886 ;'
854 2811 917 2873 but
940 2808 1038 2886 adds,
1058 2814 1160 2890 ‘quae
1182 2816 1324 2891 propter
1343 2829 1401 2874 eo·

718 2929 794 2973 rum
807 2908 1064 2972 multitudinem
1082 2908 1244 2972 omittens
1260 2908 1303 2970 ad
1323 2929 1397 2972 ma-

712 3008 794 3089 jora
815 3008 955 3071 cronica
971 3008 1007 3071 S.
1019 3006 1149 3071 Albani
1170 3027 1213 3071 ea
1231 3007 1319 3072 scire
1342 3029 1400 3072 vo

715 3107 826 3170 lentes
842 3105 1064 3184 transmitt0,'
1079 3107 1139 3170 fol.
1155 3106 1209 3170 68.

297 3234 370 3308 393,
410 3232 439 3308 6,
456 3232 609 3316 martyrio
696 3232 870 3314 martyris

295 3395 346 3403 —-
391 3359 442 3435 29,
460 3355 517 3421 cel'
694 3357 853 3421 cervisia.

295 3483 369 3559 394,
386 3478 438 3559 27,
456 3503 596 3566 appara·
693 3479 788 3543 addit
805 3481 933 3556 Paris„
955 3481 1085 3562 quaein
1108 3479 1272 3544 bonorem
1288 3483 1400 3546 sancti

460 3589 550 3644 eraut
716 3577 739 3642 J
743 3579 841 3643 acobi
871 3580 1108 3662 principaliter
1130 3588 1165 3644 et
1185 3588 1399 3657 sanctorum,

716 3696 779 3760 pro
827 3698 973 3760 quorum
1018 3680 1239 3744 veneratione
1283 3681 1398 3763 fulgor

716 3777 866 3842 caelestis
887 3779 1062 3860 apparuit,
1086 3780 1211 3844 ibidem
1230 3779 1399 3846 fabricata

715 3879 955 3942 venerabatur.

294 4003 368 4077 395,
389 4003 439 4077 18,
458 4001 628 4065 continetur
693 4002 889 4066 continetur
906 4002 997 4086 apud
1016 4010 1173 4067 sanetum
1191 4001 1379 4068 Albanum.

294 4125 368 4202 396,
407 4129 438 4201 5,
453 4146 582 4209 corpora
692 4127 841 4209 pignora
856 4128 1171 4210 processionaliter.

292 4283 343 4293 -
388 4251 441 4325 18,
455 4249 645 4334 reprimitur
692 4252 758 4315 sibi
776 4253 926 4335 penitus

292 4405 342 4414 —
387 4372 439 4446 24,
457 4371 633 4435 decorarent
692 4375 906 4440 decorarent.

292 4535 342 4547 —
386 4495 437 4571 29,
454 4495 629 4581 octiopcnte·
691 4499 944 4562 trecentesimo.

454 4615 529 4657 semo
