<?xml version="1.0" encoding="UTF-8"?>
<!DOCTYPE html PUBLIC "-//W3C//DTD XHTML 1.0 Transitional//EN"
    "http://www.w3.org/TR/xhtml1/DTD/xhtml1-transitional.dtd">
<html xmlns="http://www.w3.org/1999/xhtml" xml:lang="en" lang="en">
 <head>
  <title>
</title>
<meta http-equiv="Content-Type" content="text/html;charset=utf-8" />
  <meta name='ocr-system' content='tesseract 3.04.00' />
  <meta name='ocr-capabilities' content='ocr_page ocr_carea ocr_par ocr_line ocrx_word'/>
</head>
<body>
  <div class='ocr_page' id='page_1' title='image "./rogeridewendove00rogegoog_0083.png"; bbox 0 0 3384 5625; ppageno 0'>
   <div class='ocr_carea' id='block_1_1' title="bbox 673 786 1400 861">
    <p class='ocr_par' dir='ltr' id='par_1_1' title="bbox 673 786 1400 861">
     <span class='ocr_line' id='line_1_1' title="bbox 673 786 1400 861; baseline 0.007 -16"><span class='ocrx_word' id='word_1_1' title='bbox 673 800 872 861; x_wconf 77' lang='lat' dir='ltr'><strong>nnorrouus</strong></span> <span class='ocrx_word' id='word_1_2' title='bbox 899 801 1032 849; x_wconf 73' lang='lat' dir='ltr'><strong>varum.</strong></span> <span class='ocrx_word' id='word_1_3' title='bbox 1359 786 1400 850; x_wconf 86' lang='lat' dir='ltr'><strong>ol</strong></span> 
     </span>
    </p>
   </div>
   <div class='ocr_carea' id='block_1_2' title="bbox 296 919 1405 1061">
    <p class='ocr_par' dir='ltr' id='par_1_2' title="bbox 296 919 1405 1061">
     <span class='ocr_line' id='line_1_2' title="bbox 304 919 442 957; baseline 0.014 -3"><span class='ocrx_word' id='word_1_4' title='bbox 304 919 361 957; x_wconf 74' lang='lat' dir='ltr'><strong>Plo.</strong></span> <span class='ocrx_word' id='word_1_5' title='bbox 391 921 414 955; x_wconf 87' lang='grc' dir='ltr'><strong>Ι.Ι</strong></span> <span class='ocrx_word' id='word_1_6' title='bbox 435 944 442 956; x_wconf 91' lang='grc'><strong>.</strong></span> 
     </span>
     <span class='ocr_line' id='line_1_3' title="bbox 296 921 1405 1061; baseline 0.005 -17"><span class='ocrx_word' id='word_1_7' title='bbox 296 986 369 1060; x_wconf 81' lang='lat'>194,</span> <span class='ocrx_word' id='word_1_8' title='bbox 388 921 442 1060; x_wconf 66' lang='lat' dir='ltr'><strong>ad,</strong></span> <span class='ocrx_word' id='word_1_9' title='bbox 456 983 597 1047; x_wconf 75' lang='lat' dir='ltr'><strong>merearit</strong></span> <span class='ocrx_word' id='word_1_10' title='bbox 694 983 788 1048; x_wconf 76' lang='lat' dir='ltr'><strong>addit</strong></span> <span class='ocrx_word' id='word_1_11' title='bbox 805 983 934 1061; x_wconf 68' lang='lat' dir='ltr'><strong>Paris„</strong></span> <span class='ocrx_word' id='word_1_12' title='bbox 952 986 1007 1050; x_wconf 92' lang='lat' dir='ltr'><strong>cui</strong></span> <span class='ocrx_word' id='word_1_13' title='bbox 1029 987 1196 1051; x_wconf 85' lang='lat' dir='ltr'><strong>successit</strong></span> <span class='ocrx_word' id='word_1_14' title='bbox 1210 987 1405 1051; x_wconf 88' lang='lat' dir='ltr'><strong>orthodoxe</strong></span> 
     </span>
    </p>
   </div>
   <div class='ocr_carea' id='block_1_3' title="bbox 295 1081 958 1870">
    <p class='ocr_par' dir='ltr' id='par_1_3' title="bbox 295 1081 958 1870">
     <span class='ocr_line' id='line_1_4' title="bbox 717 1081 893 1147; baseline 0 0"><span class='ocrx_word' id='word_1_15' title='bbox 717 1081 893 1147; x_wconf 84' lang='lat' dir='ltr'><strong>Calixtus.</strong></span> 
     </span>
     <span class='ocr_line' id='line_1_5' title="bbox 295 1203 919 1279; baseline 0.013 -15"><span class='ocrx_word' id='word_1_16' title='bbox 295 1205 369 1279; x_wconf 88' lang='lat'>195,</span> <span class='ocrx_word' id='word_1_17' title='bbox 389 1205 441 1278; x_wconf 79' lang='lat'><strong>34,</strong></span> <span class='ocrx_word' id='word_1_18' title='bbox 459 1203 495 1265; x_wconf 78' lang='lat' dir='ltr'><strong>ia</strong></span> <span class='ocrx_word' id='word_1_19' title='bbox 522 1203 647 1267; x_wconf 79' lang='lat' dir='ltr'><strong>immeo·</strong></span> <span class='ocrx_word' id='word_1_20' title='bbox 695 1207 919 1272; x_wconf 83' lang='lat' dir='ltr'><strong>invalescere.</strong></span> 
     </span>
     <span class='ocr_line' id='line_1_6' title="bbox 461 1323 528 1364; baseline -0.015 0"><span class='ocrx_word' id='word_1_21' title='bbox 461 1323 528 1364; x_wconf 82' lang='lat' dir='ltr'><strong>sum</strong></span> 
     </span>
     <span class='ocr_line' id='line_1_7' title="bbox 297 1393 951 1509; baseline 0.005 -24"><span class='ocrx_word' id='word_1_22' title='bbox 297 1393 541 1509; x_wconf 80' lang='lat' dir='ltr'><strong>198,13,quod</strong></span> <span class='ocrx_word' id='word_1_23' title='bbox 696 1422 833 1505; x_wconf 87' lang='lat' dir='ltr'><strong>quidem</strong></span> <span class='ocrx_word' id='word_1_24' title='bbox 847 1423 951 1507; x_wconf 91' lang='lat' dir='ltr'><strong>quod.</strong></span> 
     </span>
     <span class='ocr_line' id='line_1_8' title="bbox 296 1544 958 1627; baseline 0.003 -20"><span class='ocrx_word' id='word_1_25' title='bbox 296 1548 369 1622; x_wconf 88' lang='lat'>199,</span> <span class='ocrx_word' id='word_1_26' title='bbox 386 1548 437 1621; x_wconf 83' lang='lat'><strong>18,</strong></span> <span class='ocrx_word' id='word_1_27' title='bbox 454 1546 633 1611; x_wconf 59' lang='lat' dir='ltr'><strong>mutauerat</strong></span> <span class='ocrx_word' id='word_1_28' title='bbox 694 1544 958 1627; x_wconf 83' lang='lat' dir='ltr'><strong>proscripserat.</strong></span> 
     </span>
     <span class='ocr_line' id='line_1_9' title="bbox 296 1667 860 1753; baseline -0.002 -23"><span class='ocrx_word' id='word_1_29' title='bbox 296 1671 370 1744; x_wconf 91' lang='grc'><strong>200,</strong></span> <span class='ocrx_word' id='word_1_30' title='bbox 387 1671 437 1746; x_wconf 91' lang='grc'><strong>18,</strong></span> <span class='ocrx_word' id='word_1_31' title='bbox 446 1668 605 1753; x_wconf 76' lang='lat' dir='ltr'><strong>peditibus</strong></span> <span class='ocrx_word' id='word_1_32' title='bbox 695 1667 860 1747; x_wconf 89' lang='lat' dir='ltr'><strong>peditum.</strong></span> 
     </span>
     <span class='ocr_line' id='line_1_10' title="bbox 296 1789 941 1870; baseline -0.006 -16"><span class='ocrx_word' id='word_1_33' title='bbox 296 1796 372 1870; x_wconf 87' lang='grc'><strong>201,</strong></span> <span class='ocrx_word' id='word_1_34' title='bbox 411 1796 441 1868; x_wconf 94' lang='grc'><strong>1,</strong></span> <span class='ocrx_word' id='word_1_35' title='bbox 457 1815 542 1858; x_wconf 71' lang='lat' dir='ltr'><strong>mour</strong></span> <span class='ocrx_word' id='word_1_36' title='bbox 555 1794 648 1859; x_wconf 70' lang='lat' dir='ltr'><strong>Daui</strong></span> <span class='ocrx_word' id='word_1_37' title='bbox 696 1789 941 1852; x_wconf 88' lang='lat' dir='ltr'><strong>monsDavid.</strong></span> 
     </span>
    </p>
   </div>
   <div class='ocr_carea' id='block_1_4' title="bbox 294 1910 1399 2075">
    <p class='ocr_par' dir='ltr' id='par_1_4' title="bbox 294 1910 1399 2075">
     <span class='ocr_line' id='line_1_11' title="bbox 294 1910 1399 2001; baseline 0.002 -24"><span class='ocrx_word' id='word_1_38' title='bbox 294 1953 347 1964; x_wconf 88' lang='lat'>-</span> <span class='ocrx_word' id='word_1_39' title='bbox 391 1918 444 1992; x_wconf 90' lang='grc'><strong>16,</strong></span> <span class='ocrx_word' id='word_1_40' title='bbox 449 1916 647 2001; x_wconf 66' lang='lat' dir='ltr'><strong>pomulorum</strong></span> <span class='ocrx_word' id='word_1_41' title='bbox 694 1910 787 1975; x_wconf 77' lang='lat' dir='ltr'><strong>addit</strong></span> <span class='ocrx_word' id='word_1_42' title='bbox 809 1910 937 1989; x_wconf 78' lang='lat' dir='ltr'><strong>Paris,</strong></span> <span class='ocrx_word' id='word_1_43' title='bbox 960 1915 1107 1996; x_wconf 89' lang='lat' dir='ltr'><strong>septimo</strong></span> <span class='ocrx_word' id='word_1_44' title='bbox 1133 1913 1301 1979; x_wconf 83' lang='lat' dir='ltr'><strong>kalendas</strong></span> <span class='ocrx_word' id='word_1_45' title='bbox 1326 1916 1399 1980; x_wconf 88' lang='lat' dir='ltr'><strong>De·</strong></span> 
     </span>
     <span class='ocr_line' id='line_1_12' title="bbox 717 2012 876 2075; baseline 0.006 -1"><span class='ocrx_word' id='word_1_46' title='bbox 717 2012 876 2075; x_wconf 80' lang='lat' dir='ltr'><strong>cambris.</strong></span> 
     </span>
    </p>
   </div>
   <div class='ocr_carea' id='block_1_5' title="bbox 293 2133 1401 2314">
    <p class='ocr_par' dir='ltr' id='par_1_5' title="bbox 293 2133 1401 2314">
     <span class='ocr_line' id='line_1_13' title="bbox 293 2133 1401 2220; baseline 0.006 -25"><span class='ocrx_word' id='word_1_47' title='bbox 293 2170 346 2182; x_wconf 91' lang='lat'>—</span> <span class='ocrx_word' id='word_1_48' title='bbox 390 2136 443 2210; x_wconf 88' lang='grc'><strong>21,</strong></span> <span class='ocrx_word' id='word_1_49' title='bbox 460 2134 601 2197; x_wconf 62' lang='lat' dir='ltr'><strong>mutuata</strong></span> <span class='ocrx_word' id='word_1_50' title='bbox 695 2133 771 2198; x_wconf 87' lang='lat' dir='ltr'><strong>The</strong></span> <span class='ocrx_word' id='word_1_51' title='bbox 797 2134 937 2199; x_wconf 90' lang='lat' dir='ltr'><strong>Cotton.</strong></span> <span class='ocrx_word' id='word_1_52' title='bbox 957 2136 1035 2200; x_wconf 88' lang='lat' dir='ltr'><strong>MS.</strong></span> <span class='ocrx_word' id='word_1_53' title='bbox 1059 2136 1156 2212; x_wconf 86' lang='lat' dir='ltr'><strong>adds,</strong></span> <span class='ocrx_word' id='word_1_54' title='bbox 1180 2137 1290 2202; x_wconf 89' lang='lat' dir='ltr'><strong>‘Hoc</strong></span> <span class='ocrx_word' id='word_1_55' title='bbox 1314 2158 1401 2220; x_wconf 90' lang='lat' dir='ltr'><strong>quo·</strong></span> 
     </span>
     <span class='ocr_line' id='line_1_14' title="bbox 717 2233 1399 2314; baseline 0.009 -18"><span class='ocrx_word' id='word_1_56' title='bbox 717 2252 784 2314; x_wconf 91' lang='lat' dir='ltr'><strong>que</strong></span> <span class='ocrx_word' id='word_1_57' title='bbox 814 2254 905 2298; x_wconf 89' lang='lat' dir='ltr'><strong>anno</strong></span> <span class='ocrx_word' id='word_1_58' title='bbox 933 2235 976 2297; x_wconf 87' lang='lat'><strong>14</strong></span> <span class='ocrx_word' id='word_1_59' title='bbox 1004 2233 1075 2300; x_wconf 88' lang='lat' dir='ltr'><strong>kal.</strong></span> <span class='ocrx_word' id='word_1_60' title='bbox 1103 2236 1191 2300; x_wconf 87' lang='lat' dir='ltr'><strong>Maii</strong></span> <span class='ocrx_word' id='word_1_61' title='bbox 1223 2238 1276 2300; x_wconf 90' lang='lat' dir='ltr'><strong>bis</strong></span> <span class='ocrx_word' id='word_1_62' title='bbox 1302 2238 1399 2302; x_wconf 88' lang='lat' dir='ltr'><strong>venit</strong></span> 
     </span>
    </p>
   </div>
   <div class='ocr_carea' id='block_1_6' title="bbox 717 2332 1398 2495">
    <p class='ocr_par' dir='ltr' id='par_1_6' title="bbox 717 2332 1398 2495">
     <span class='ocr_line' id='line_1_15' title="bbox 717 2332 1398 2417; baseline 0.009 -23"><span class='ocrx_word' id='word_1_63' title='bbox 717 2332 855 2397; x_wconf 86' lang='lat' dir='ltr'><strong>oaeleste</strong></span> <span class='ocrx_word' id='word_1_64' title='bbox 874 2333 989 2397; x_wconf 88' lang='lat' dir='ltr'><strong>lumen</strong></span> <span class='ocrx_word' id='word_1_65' title='bbox 1014 2335 1058 2398; x_wconf 89' lang='lat' dir='ltr'><strong>ad</strong></span> <span class='ocrx_word' id='word_1_66' title='bbox 1078 2334 1297 2417; x_wconf 87' lang='lat' dir='ltr'><strong>sepulchrum</strong></span> <span class='ocrx_word' id='word_1_67' title='bbox 1323 2337 1398 2400; x_wconf 92' lang='lat' dir='ltr'><strong>Do·</strong></span> 
     </span>
     <span class='ocr_line' id='line_1_16' title="bbox 717 2432 824 2495; baseline 0.019 -3"><span class='ocrx_word' id='word_1_68' title='bbox 717 2432 824 2495; x_wconf 90' lang='lat' dir='ltr'><strong>m1n1.’</strong></span> 
     </span>
    </p>
   </div>
   <div class='ocr_carea' id='block_1_7' title="bbox 295 2553 1398 2755">
    <p class='ocr_par' dir='ltr' id='par_1_7' title="bbox 295 2553 1398 2755">
     <span class='ocr_line' id='line_1_17' title="bbox 295 2553 1209 2632; baseline 0.007 -18"><span class='ocrx_word' id='word_1_69' title='bbox 295 2587 345 2598; x_wconf 93' lang='lat'><strong>-—</strong></span> <span class='ocrx_word' id='word_1_70' title='bbox 390 2556 441 2625; x_wconf 79' lang='lat'><strong>24,</strong></span> <span class='ocrx_word' id='word_1_71' title='bbox 458 2553 635 2618; x_wconf 72' lang='lat' dir='ltr'><strong>Adaliciom</strong></span> <span class='ocrx_word' id='word_1_72' title='bbox 694 2554 787 2617; x_wconf 81' lang='lat' dir='ltr'><strong>addit</strong></span> <span class='ocrx_word' id='word_1_73' title='bbox 804 2554 930 2632; x_wconf 78' lang='lat' dir='ltr'><strong>Paris,</strong></span> <span class='ocrx_word' id='word_1_74' title='bbox 946 2556 1002 2619; x_wconf 90' lang='lat' dir='ltr'><strong>vel</strong></span> <span class='ocrx_word' id='word_1_75' title='bbox 1020 2554 1209 2620; x_wconf 85' lang='lat' dir='ltr'><strong>Adelisam.</strong></span> 
     </span>
     <span class='ocr_line' id='line_1_18' title="bbox 296 2677 1398 2755; baseline 0.005 -18"><span class='ocrx_word' id='word_1_76' title='bbox 296 2678 370 2753; x_wconf 90' lang='grc'><strong>202,</strong></span> <span class='ocrx_word' id='word_1_77' title='bbox 411 2680 443 2752; x_wconf 94' lang='grc'><strong>5,</strong></span> <span class='ocrx_word' id='word_1_78' title='bbox 459 2677 619 2740; x_wconf 76' lang='lat' dir='ltr'><strong>ordinauit</strong></span> <span class='ocrx_word' id='word_1_79' title='bbox 694 2677 787 2741; x_wconf 80' lang='lat' dir='ltr'><strong>addit</strong></span> <span class='ocrx_word' id='word_1_80' title='bbox 805 2677 930 2755; x_wconf 79' lang='lat' dir='ltr'><strong>Paris,</strong></span> <span class='ocrx_word' id='word_1_81' title='bbox 948 2678 1049 2741; x_wconf 89' lang='lat' dir='ltr'><strong>Luna</strong></span> <span class='ocrx_word' id='word_1_82' title='bbox 1064 2678 1130 2742; x_wconf 91' lang='lat' dir='ltr'><strong>hoc</strong></span> <span class='ocrx_word' id='word_1_83' title='bbox 1150 2698 1240 2742; x_wconf 90' lang='lat' dir='ltr'><strong>anno</strong></span> <span class='ocrx_word' id='word_1_84' title='bbox 1257 2682 1398 2743; x_wconf 88' lang='lat' dir='ltr'><strong>obtene-</strong></span> 
     </span>
    </p>
   </div>
   <div class='ocr_carea' id='block_1_8' title="bbox 715 2776 1398 3139">
    <p class='ocr_par' dir='ltr' id='par_1_8' title="bbox 715 2776 1398 3139">
     <span class='ocr_line' id='line_1_19' title="bbox 716 2776 1396 2860; baseline 0.003 -21"><span class='ocrx_word' id='word_1_85' title='bbox 716 2778 817 2842; x_wconf 91' lang='lat' dir='ltr'><strong>brata</strong></span> <span class='ocrx_word' id='word_1_86' title='bbox 834 2784 897 2841; x_wconf 87' lang='lat' dir='ltr'><strong>est.</strong></span> <span class='ocrx_word' id='word_1_87' title='bbox 931 2776 1035 2860; x_wconf 89' lang='lat' dir='ltr'><strong>Apud</strong></span> <span class='ocrx_word' id='word_1_88' title='bbox 1053 2777 1254 2860; x_wconf 84' lang='lat' dir='ltr'><strong>Radingum</strong></span> <span class='ocrx_word' id='word_1_89' title='bbox 1275 2798 1396 2843; x_wconf 89' lang='lat' dir='ltr'><strong>mona-</strong></span> 
     </span>
     <span class='ocr_line' id='line_1_20' title="bbox 716 2877 1398 2959; baseline 0.003 -20"><span class='ocrx_word' id='word_1_90' title='bbox 716 2877 771 2940; x_wconf 90' lang='lat' dir='ltr'><strong>chi</strong></span> <span class='ocrx_word' id='word_1_91' title='bbox 798 2877 951 2940; x_wconf 87' lang='lat' dir='ltr'><strong>ordinem</strong></span> <span class='ocrx_word' id='word_1_92' title='bbox 983 2879 1184 2959; x_wconf 85' lang='lat' dir='ltr'><strong>inceperunt</strong></span> <span class='ocrx_word' id='word_1_93' title='bbox 1214 2881 1398 2943; x_wconf 84' lang='lat' dir='ltr'><strong>observare</strong></span> 
     </span>
     <span class='ocr_line' id='line_1_21' title="bbox 715 2976 1396 3054; baseline 0.006 -16"><span class='ocrx_word' id='word_1_94' title='bbox 715 2978 956 3054; x_wconf 87' lang='lat' dir='ltr'><strong>monasticum,</strong></span> <span class='ocrx_word' id='word_1_95' title='bbox 975 2984 1011 3040; x_wconf 89' lang='lat' dir='ltr'><strong>et</strong></span> <span class='ocrx_word' id='word_1_96' title='bbox 1030 2976 1176 3040; x_wconf 88' lang='lat' dir='ltr'><strong>ecclesia</strong></span> <span class='ocrx_word' id='word_1_97' title='bbox 1195 2985 1396 3042; x_wconf 85' lang='lat' dir='ltr'><strong>constructa</strong></span> 
     </span>
     <span class='ocr_line' id='line_1_22' title="bbox 715 3082 777 3139; baseline -0.048 0"><span class='ocrx_word' id='word_1_98' title='bbox 715 3082 777 3139; x_wconf 85' lang='lat' dir='ltr'><strong>est.</strong></span> 
     </span>
    </p>
   </div>
   <div class='ocr_carea' id='block_1_9' title="bbox 293 3196 902 3398">
    <p class='ocr_par' dir='ltr' id='par_1_9' title="bbox 293 3196 902 3398">
     <span class='ocr_line' id='line_1_23' title="bbox 293 3196 902 3275; baseline -0.002 -12"><span class='ocrx_word' id='word_1_99' title='bbox 293 3233 345 3243; x_wconf 93' lang='lat'>—</span> <span class='ocrx_word' id='word_1_100' title='bbox 388 3201 443 3275; x_wconf 88' lang='lat'><strong>30,</strong></span> <span class='ocrx_word' id='word_1_101' title='bbox 458 3197 607 3263; x_wconf 74' lang='lat' dir='ltr'><strong>Rodertm</strong></span> <span class='ocrx_word' id='word_1_102' title='bbox 695 3196 902 3262; x_wconf 88' lang='lat' dir='ltr'><strong>Richardus.</strong></span> 
     </span>
     <span class='ocr_line' id='line_1_24' title="bbox 294 3321 874 3398; baseline 0.002 -15"><span class='ocrx_word' id='word_1_103' title='bbox 294 3323 369 3397; x_wconf 80' lang='lat'>203,</span> <span class='ocrx_word' id='word_1_104' title='bbox 406 3325 436 3398; x_wconf 91' lang='grc'><strong>8,</strong></span> <span class='ocrx_word' id='word_1_105' title='bbox 452 3324 539 3387; x_wconf 82' lang='lat' dir='ltr'><strong>circu</strong></span> <span class='ocrx_word' id='word_1_106' title='bbox 693 3339 755 3382; x_wconf 87' lang='lat' dir='ltr'><strong>rex</strong></span> <span class='ocrx_word' id='word_1_107' title='bbox 771 3321 874 3384; x_wconf 86' lang='lat' dir='ltr'><strong>circa.</strong></span> 
     </span>
    </p>
   </div>
   <div class='ocr_carea' id='block_1_10' title="bbox 293 3442 1395 3930">
    <p class='ocr_par' dir='ltr' id='par_1_10' title="bbox 293 3442 1395 3930">
     <span class='ocr_line' id='line_1_25' title="bbox 295 3442 1395 3524; baseline 0.005 -19"><span class='ocrx_word' id='word_1_108' title='bbox 295 3445 371 3521; x_wconf 88' lang='grc'><strong>205,</strong></span> <span class='ocrx_word' id='word_1_109' title='bbox 407 3447 439 3520; x_wconf 96' lang='grc'><strong>2,</strong></span> <span class='ocrx_word' id='word_1_110' title='bbox 454 3450 600 3513; x_wconf 63' lang='lat' dir='ltr'><strong>revomit</strong></span> <span class='ocrx_word' id='word_1_111' title='bbox 692 3442 783 3506; x_wconf 76' lang='lat' dir='ltr'><strong>addit</strong></span> <span class='ocrx_word' id='word_1_112' title='bbox 801 3443 929 3520; x_wconf 78' lang='lat' dir='ltr'><strong>Paris,</strong></span> <span class='ocrx_word' id='word_1_113' title='bbox 948 3442 1091 3508; x_wconf 87' lang='lat' dir='ltr'><strong>Calixto</strong></span> <span class='ocrx_word' id='word_1_114' title='bbox 1110 3462 1211 3524; x_wconf 88' lang='lat' dir='ltr'><strong>papae</strong></span> <span class='ocrx_word' id='word_1_115' title='bbox 1228 3448 1395 3512; x_wconf 88' lang='lat' dir='ltr'><strong>successit</strong></span> 
     </span>
     <span class='ocr_line' id='line_1_26' title="bbox 715 3542 1394 3608; baseline 0.004 -3"><span class='ocrx_word' id='word_1_116' title='bbox 715 3542 907 3607; x_wconf 77' lang='lat' dir='ltr'><strong>Honorius</strong></span> <span class='ocrx_word' id='word_1_117' title='bbox 923 3543 946 3606; x_wconf 86' lang='lat' dir='ltr'>J</span> <span class='ocrx_word' id='word_1_118' title='bbox 949 3543 1070 3608; x_wconf 88' lang='lat' dir='ltr'><strong>ustitia</strong></span> <span class='ocrx_word' id='word_1_119' title='bbox 1084 3542 1126 3605; x_wconf 86' lang='lat' dir='ltr'><strong>de</strong></span> <span class='ocrx_word' id='word_1_120' title='bbox 1138 3545 1337 3607; x_wconf 88' lang='lat' dir='ltr'><strong>monetariis</strong></span> <span class='ocrx_word' id='word_1_121' title='bbox 1354 3547 1394 3608; x_wconf 88' lang='lat' dir='ltr'><strong>fit</strong></span> 
     </span>
     <span class='ocr_line' id='line_1_27' title="bbox 714 3641 897 3706; baseline 0 0"><span class='ocrx_word' id='word_1_122' title='bbox 714 3641 897 3706; x_wconf 90' lang='lat' dir='ltr'><strong>Wintonii.</strong></span> 
     </span>
     <span class='ocr_line' id='line_1_28' title="bbox 293 3765 937 3852; baseline -0.005 -22"><span class='ocrx_word' id='word_1_123' title='bbox 293 3803 344 3813; x_wconf 96' lang='lat'><em>-</em></span> <span class='ocrx_word' id='word_1_124' title='bbox 388 3769 440 3842; x_wconf 88' lang='grc'><strong>20,</strong></span> <span class='ocrx_word' id='word_1_125' title='bbox 457 3767 620 3852; x_wconf 67' lang='lat' dir='ltr'><strong>disceptari</strong></span> <span class='ocrx_word' id='word_1_126' title='bbox 693 3765 937 3848; x_wconf 86' lang='lat' dir='ltr'><strong>disceptarunt.</strong></span> 
     </span>
     <span class='ocr_line' id='line_1_29' title="bbox 457 3877 529 3930; baseline 0 0"><span class='ocrx_word' id='word_1_127' title='bbox 457 3877 529 3930; x_wconf 76' lang='lat' dir='ltr'><strong>aaut</strong></span> 
     </span>
    </p>
   </div>
   <div class='ocr_carea' id='block_1_11' title="bbox 295 3984 1396 4363">
    <p class='ocr_par' dir='ltr' id='par_1_11' title="bbox 295 3984 1396 4363">
     <span class='ocr_line' id='line_1_30' title="bbox 295 3984 1396 4067; baseline 0.005 -19"><span class='ocrx_word' id='word_1_128' title='bbox 295 3988 368 4064; x_wconf 83' lang='grc'><strong>206,</strong></span> <span class='ocrx_word' id='word_1_129' title='bbox 389 3988 603 4065; x_wconf 53' lang='grc'><strong>3210051055</strong></span> <span class='ocrx_word' id='word_1_130' title='bbox 695 3985 738 4048; x_wconf 93' lang='lat' dir='ltr'><strong>In</strong></span> <span class='ocrx_word' id='word_1_131' title='bbox 765 3985 822 4048; x_wconf 91' lang='lat' dir='ltr'><strong>the</strong></span> <span class='ocrx_word' id='word_1_132' title='bbox 857 3985 995 4050; x_wconf 90' lang='lat' dir='ltr'><strong>Cotton.</strong></span> <span class='ocrx_word' id='word_1_133' title='bbox 1024 3984 1103 4048; x_wconf 87' lang='lat' dir='ltr'><strong>MS.</strong></span> <span class='ocrx_word' id='word_1_134' title='bbox 1129 3984 1225 4048; x_wconf 89' lang='lat' dir='ltr'><strong>there</strong></span> <span class='ocrx_word' id='word_1_135' title='bbox 1250 3987 1396 4067; x_wconf 85' lang='lat' dir='ltr'><strong>follows,</strong></span> 
     </span>
     <span class='ocr_line' id='line_1_31' title="bbox 717 4083 1395 4166; baseline 0.007 -20"><span class='ocrx_word' id='word_1_136' title='bbox 717 4083 881 4166; x_wconf 89' lang='lat' dir='ltr'><strong>‘quiade</strong></span> <span class='ocrx_word' id='word_1_137' title='bbox 902 4092 1012 4148; x_wconf 89' lang='lat' dir='ltr'><strong>morte</strong></span> <span class='ocrx_word' id='word_1_138' title='bbox 1030 4084 1095 4146; x_wconf 83' lang='lat' dir='ltr'><strong>viri</strong></span> <span class='ocrx_word' id='word_1_139' title='bbox 1113 4092 1274 4164; x_wconf 86' lang='lat' dir='ltr'><strong>suspecta</strong></span> <span class='ocrx_word' id='word_1_140' title='bbox 1291 4086 1395 4150; x_wconf 89' lang='lat' dir='ltr'><strong>habe·</strong></span> 
     </span>
     <span class='ocr_line' id='line_1_32' title="bbox 716 4181 1395 4264; baseline 0.006 -19"><span class='ocrx_word' id='word_1_141' title='bbox 716 4184 830 4257; x_wconf 88' lang='lat' dir='ltr'><strong>batur,</strong></span> <span class='ocrx_word' id='word_1_142' title='bbox 847 4183 902 4246; x_wconf 87' lang='lat' dir='ltr'><strong>vir</strong></span> <span class='ocrx_word' id='word_1_143' title='bbox 917 4181 1006 4245; x_wconf 84' lang='lat' dir='ltr'><strong>enirn</strong></span> <span class='ocrx_word' id='word_1_144' title='bbox 1025 4181 1100 4264; x_wconf 91' lang='lat' dir='ltr'><strong>ejus</strong></span> <span class='ocrx_word' id='word_1_145' title='bbox 1116 4182 1204 4245; x_wconf 90' lang='lat' dir='ltr'><strong>clam</strong></span> <span class='ocrx_word' id='word_1_146' title='bbox 1229 4182 1272 4245; x_wconf 88' lang='lat' dir='ltr'><strong>de</strong></span> <span class='ocrx_word' id='word_1_147' title='bbox 1294 4193 1395 4249; x_wconf 90' lang='lat' dir='ltr'><strong>nocte</strong></span> 
     </span>
     <span class='ocr_line' id='line_1_33' title="bbox 717 4280 1317 4363; baseline 0.002 -19"><span class='ocrx_word' id='word_1_148' title='bbox 717 4282 865 4362; x_wconf 82' lang='lat' dir='ltr'><strong>fugerat,</strong></span> <span class='ocrx_word' id='word_1_149' title='bbox 880 4287 916 4344; x_wconf 93' lang='lat' dir='ltr'><strong>et</strong></span> <span class='ocrx_word' id='word_1_150' title='bbox 932 4287 1172 4362; x_wconf 85' lang='lat' dir='ltr'><strong>paupertatem</strong></span> <span class='ocrx_word' id='word_1_151' title='bbox 1190 4280 1317 4363; x_wconf 59' lang='lat' dir='ltr'><strong>elegit?</strong></span> 
     </span>
    </p>
   </div>
   <div class='ocr_carea' id='block_1_12' title="bbox 293 4401 1173 4607">
    <p class='ocr_par' dir='ltr' id='par_1_12' title="bbox 293 4401 1173 4607">
     <span class='ocr_line' id='line_1_34' title="bbox 294 4401 1173 4491; baseline 0 -22"><span class='ocrx_word' id='word_1_152' title='bbox 294 4401 369 4483; x_wconf 86' lang='grc'><strong>207,</strong></span> <span class='ocrx_word' id='word_1_153' title='bbox 408 4410 439 4484; x_wconf 90' lang='grc'><strong>5,</strong></span> <span class='ocrx_word' id='word_1_154' title='bbox 454 4407 645 4491; x_wconf 76' lang='lat' dir='ltr'><strong>juraveruut</strong></span> <span class='ocrx_word' id='word_1_155' title='bbox 688 4404 896 4488; x_wconf 88' lang='lat' dir='ltr'><strong>juraverunt</strong></span> <span class='ocrx_word' id='word_1_156' title='bbox 912 4405 943 4467; x_wconf 81' lang='lat' dir='ltr'><strong>ei</strong></span> <span class='ocrx_word' id='word_1_157' title='bbox 959 4404 1173 4469; x_wconf 85' lang='lat' dir='ltr'><strong>fidelitatem.</strong></span> 
     </span>
     <span class='ocr_line' id='line_1_35' title="bbox 293 4528 882 4607; baseline -0.005 -13"><span class='ocrx_word' id='word_1_158' title='bbox 293 4565 344 4575; x_wconf 92' lang='lat'><em>—</em></span> <span class='ocrx_word' id='word_1_159' title='bbox 412 4531 441 4607; x_wconf 88' lang='lat'><strong>6,</strong></span> <span class='ocrx_word' id='word_1_160' title='bbox 458 4528 606 4593; x_wconf 74' lang='lat' dir='ltr'><strong>Bononia</strong></span> <span class='ocrx_word' id='word_1_161' title='bbox 696 4528 882 4592; x_wconf 76' lang='lat' dir='ltr'><strong>Blesensis</strong></span> 
     </span>
    </p>
   </div>
   <div class='ocr_carea' id='block_1_13' title="bbox 0 0 1696 5625">
    <p class='ocr_par' dir='ltr' id='par_1_13' title="bbox 0 0 1696 5625">
     <span class='ocr_line' id='line_1_36' title="bbox 0 0 1696 5625; baseline 0 1"><span class='ocrx_word' id='word_1_162' title='bbox 0 0 1696 5625; x_wconf 95' lang='lat' dir='ltr'><strong> </strong></span> 
     </span>
    </p>
   </div>
  </div>
 </body>
</html>
