3384 5625
658 794 860 846 nncnronns
884 794 1019 847 viam.
1322 776 1388 842 111

330 975 429 1057 piens
447 982 482 1040 et
500 976 671 1040 occultam
688 995 866 1058 nunquam
881 993 957 1039 eam
979 976 1015 1039 in
1037 976 1111 1042 vita
1127 994 1192 1043 sua
1211 976 1386 1058 mitigavit

327 1074 385 1138 vel
402 1075 574 1157 deposuit,
587 1075 659 1151 sed,
674 1074 812 1140 inimico
829 1075 971 1141 humani
986 1076 1122 1158 generis
1137 1075 1292 1140 fomitem
1309 1095 1387 1139 cum

330 1172 470 1236 flamma
485 1176 716 1251 ministrante,
741 1194 888 1256 semper,
911 1175 993 1239 licet
1010 1174 1240 1240 dissimularet
1254 1175 1388 1250 infelix,

330 1274 483 1355 suscepit
497 1273 757 1339 incrementum.

278 1413 335 1551 Ἠ,
371 1412 618 1552 {Sidoloucum
683 1474 814 1538 Lemba
829 1474 946 1540 maris..

278 1640 330 1651 -
375 1601 427 1675 31,
441 1607 470 1662 ot
486 1598 634 1662 rediitad
681 1596 799 1661 desunt.

442 1698 623 1763 Messanam

189 1795 207 1820 ²³
280 1824 333 1896 32,
394 1824 424 1896 5,
441 1820 617 1885 occiderant
681 1818 809 1884 multos
826 1817 1027 1882 occiderunt
1046 1825 1081 1882 et
1099 1819 1334 1901 quamplures.

431 1928 460 1983 ot
473 1918 621 2004 quosdam

277 2086 329 2097 -
396 2040 426 2119 7,
443 2043 522 2127 oepit
682 2038 851 2102 violenter
867 2036 969 2120 cepit.

278 2206 329 2217 -
375 2167 428 2241 11,
442 2164 631 2249 appellatur.
682 2159 884 2243 appellavit.
937 2160 1038 2225 Tunc
1055 2181 1193 2244 quoque
1210 2161 1383 2244 temporis.

449 2264 536 2327 Teum

278 2422 330 2433 -
375 2385 631 2462 2111111111-
682 2380 914 2445 terminatum.

447 2493 512 2547 twm

279 2610 332 2684 34,
391 2610 426 2690 2,
435 2608 552 2671 Eodem
561 2617 632 2673 tan·
683 2606 816 2670 Diebus
833 2608 938 2673 etiam
953 2610 1019 2671 sub
1036 2608 1175 2672 eisdem.

438 2729 517 2791 pora

278 2871 330 2882 —
395 2832 428 2907 9,
444 2829 597 2912 auditibus
681 2833 848 2897 militibus
863 2832 1001 2899 Christi.

279 2993 331 3003 -
375 2954 427 3028 11,
442 2950 545 3015 dedita
565 2999 573 3016 .
593 2999 630 3016 ..
681 2955 860 3042 persolvit.

447 3049 577 3134 implens

277 3211 330 3223 -
375 3173 426 3246 15,
442 3171 553 3236 multos
681 3171 809 3234 multos
825 3180 861 3236 et
877 3173 1003 3237 varios.

277 3337 328 3347 -
374 3295 427 3369 16,
444 3296 598 3360 moedicia
682 3293 900 3358 victualibus.

277 3415 565 3492 —17‚munito
682 3416 905 3480 communita.

276 3577 329 3586 --
371 3575 416 3587 —
438 3541 631 3606 adolendi·
681 3537 869 3603 Salaadino
901 3537 993 3601 circa
1018 3537 1230 3601 obsidentem
1254 3540 1383 3604 exerci-

446 3660 505 3703 πω
532 3688 540 3705 .
563 3685 571 3701 .
594 3689 630 3703 ..
703 3645 778 3702 tum
805 3656 890 3701 cum.
910 3637 1065 3701 exercitu
1086 3638 1227 3719 copioso
1248 3657 1383 3721 semper

445 3747 598 3804 ooanomot
702 3736 887 3802 insidiante
917 3742 965 3813 et,
998 3743 1037 3800 ut
1066 3737 1191 3819 potuit,
1223 3737 1381 3801 damnifi-

703 3844 824 3914 cant03
852 3834 943 3899 unde
962 3834 1092 3899 Christi
1114 3836 1288 3899 exercitus
1311 3837 1382 3900 dis·

703 3936 865 4017 pendium
902 3934 1074 3998 toleravit.
1128 3933 1195 4010 Ibi,
1228 3935 1259 3997 si
1289 3937 1382 4000 credi

702 4033 846 4113 dignum
858 4039 923 4108 est,
939 4032 1092 4114 suscepit
1107 4052 1170 4094 rex
1183 4032 1382 4097 Richardus

703 4131 808 4194 xenia
826 4137 1006 4194 stercona
1030 4130 1122 4193 dona
1144 4149 1165 4192 a
1182 4128 1380 4208 Salaadino,

701 4228 863 4294 videlicet
904 4246 1058 4308 gemmas
1103 4227 1381 4309 pretiosissimas,

703 4347 825 4390 aurum
841 4345 911 4389 non
928 4326 1112 4404 modicum,
1136 4326 1289 4391 obrizum
1313 4329 1381 4411 pri·

703 4434 849 4489 muniet
873 4425 1104 4507 purissimum,
1129 4436 1175 4504 et,
1191 4427 1283 4510 quod
1305 4437 1381 4492 erat

703 4525 930 4601 carissimum,
958 4544 1062 4588 unum
1091 4526 1300 4590 alcattonem
1327 4546 1381 4590 sa-
