3384 5625
293 752 359 816 314
663 768 865 818 nncrrouns
888 770 1021 824 viarm.

305 892 363 927 PAG·
387 892 440 929 ulit.

295 956 369 1032 325,
390 956 441 1029 11,
459 952 544 1016 dotis
559 952 645 1017 mille
693 954 753 1017 sed
779 954 854 1036 regi
881 955 974 1018 mille
997 955 1123 1019 marcis
1154 956 1249 1038 prius
1278 971 1396 1015 nume-

460 1052 576 1116 morcc‘o
715 1054 813 1120 ratis.

292 1216 343 1227 -
387 1177 439 1252 12,
454 1176 596 1260 qratiam
692 1178 841 1257 gratiam
854 1176 960 1260 juxta
975 1196 1071 1259 spem
1090 1197 1201 1241 suam.

292 1339 343 1350 -
387 1300 441 1374 21,
456 1298 597 1382 oppallu-
692 1298 784 1362 addit
805 1299 932 1378 Paris,
955 1299 1094 1363 Collata
1116 1308 1170 1363 est
1188 1298 1334 1363 ecclesia
1360 1297 1395 1359 S.

459 1407 534 1462 runt
714 1398 738 1462 J
741 1399 847 1462 uliani
876 1399 912 1461 in
939 1399 1015 1481 ipso
1044 1406 1197 1481 tempore
1228 1398 1395 1479 magistro

716 1497 877 1575 Nicolao,
905 1499 1112 1561 auctoritate
1138 1498 1267 1562 domini
1290 1497 1395 1577 regie,

714 1617 792 1681 qnae
807 1599 884 1680 ipso
902 1604 1054 1680 tempore
1070 1599 1227 1662 vacabat.

292 1760 344 1773 -
388 1721 440 1798 25,
457 1719 493 1783 in
510 1719 645 1783 crastino
692 1720 756 1784 dic.

292 1884 343 1895 -
387 1844 441 1920 26,
459 1841 630 1907 Willelmoo
692 1842 889 1909 Willelmus
906 1846 972 1926 piae
988 1843 1172 1909 memoriae.

292 2008 343 2020 -
387 1963 440 2043 27,
456 1966 611 2031 occkoiom
691 1965 780 2031 docet.

273 2102 343 2144 ·--
387 2091 644 2169 :sumnonem
693 2090 773 2171 Quo
810 2093 959 2176 sepulto,
996 2090 1235 2167 incontinenti,
1263 2089 1396 2153 scilicet

457 2199 562 2255 nortus
581 2238 589 2255 .
608 2236 643 2253 ..
714 2191 833 2255 eadem
860 2192 927 2268 die,
949 2198 1020 2255 tres
1042 2191 1188 2253 fratrum
1211 2189 1254 2252 ad
1277 2208 1394 2269 regem

459 2289 639 2353 animorum
714 2297 796 2354 sunt
819 2289 993 2364 destinati,
1011 2296 1052 2352 ut
1072 2290 1115 2352 ab
1139 2308 1180 2352 eo
1209 2289 1396 2369 impetrata

458 2408 587 2450 suornm
713 2387 821 2450 libera
843 2390 909 2450 rite
933 2387 1081 2468 eligendi
1099 2386 1266 2449 facultate
1289 2388 1395 2450 abba·

713 2491 783 2549 tem
809 2485 988 2567 eligerent.
1041 2484 1275 2549 Obtinnerunt
1291 2487 1395 2550 etiam

714 2584 839 2648 fratres
857 2603 879 2647 a
895 2584 1033 2647 domino
1054 2602 1137 2665 rege
1160 2584 1309 2664 gratiam
1334 2585 1395 2647 ha·

714 2682 818 2747 bendi
835 2690 945 2747 totam
962 2683 1100 2747 domum
1121 2700 1219 2745 suam
1237 2684 1272 2745 in
1290 2702 1396 2746 manu

714 2802 791 2861 sna,
806 2783 962 2866 exceptis
979 2782 1157 2846 exchnetis
1180 2789 1214 2845 et
1232 2782 1395 2846 ecclesia-

714 2903 790 2946 rum
807 2883 1064 2960 donationibus,
1079 2901 1101 2944 a
1113 2881 1168 2944 die
1178 2880 1292 2943 obitus
1304 2900 1393 2971 prae·v

714 2981 797 3045 dicti
812 2982 948 3045 abbatis
966 2981 1127 3065 usquein
1150 2998 1278 3042 annum
1300 2999 1394 3043 com-

713 3080 867 3161 pletum;
894 3101 957 3162 pro
980 3101 1050 3164 qua
1075 3081 1216 3144 obtenta
1241 3077 1394 3143 donave-

714 3186 796 3243 runt
820 3179 981 3243 monachi
1006 3179 1079 3261 regi
1107 3184 1279 3243 trecentas
1303 3197 1395 3240 mar·

713 3297 786 3342 cas.
821 3278 957 3342 Deinde
968 3279 1112 3342 obtenta
1125 3297 1147 3340 a
1161 3296 1243 3358 rege
1253 3277 1395 3341 licentia

714 3378 874 3441 abbatem
900 3376 1061 3458 eligendi,
1088 3377 1143 3440 die
1166 3375 1292 3439 Martis
1313 3383 1394 3458 post

713 3475 1026 3541 Annnnciationem
1040 3476 1152 3539 beatae
1166 3474 1302 3551 Mariae,
1314 3494 1395 3540 oon·
1413 3541 1420 3553 ,

714 3577 847 3641 vocaus
865 3575 1036 3639 nobilibus
1053 3574 1206 3639 ecclesian
1220 3573 1394 3651 membris,

714 3675 845 3738 scilicet
864 3675 1038 3756 prioribus
1052 3674 1217 3737 cellarum
1232 3679 1267 3736 et
1284 3673 1393 3737 omni·

712 3774 777 3834 bus
804 3773 864 3852 qui
884 3772 1076 3835 debuerunt
1097 3778 1133 3834 et
1154 3771 1337 3836 voluerunt
1357 3777 1392 3835 et

712 3875 899 3952 potuerunt
922 3870 1101 3934 commode
1125 3868 1303 3946 interesse,
1325 3870 1393 3933 ele-

713 3977 839 4051 gerunt
882 3969 1071 4034 solenniter
1110 3969 1133 4033 J
1137 3969 1307 4033 ohannem
1350 3968 1392 4032 de

714 4068 929 4147 Hertfordia,
952 4070 1100 4152 priorem
1118 4070 1160 4133 de
1176 4067 1393 4147 Hertfordia,

616 4199 620 4206 ·
712 4168 918 4231 monachum
930 4187 1029 4231 suum
1047 4167 1250 4252 professum,
1262 4168 1299 4229 in
1314 4186 1393 4249 pas·

712 4274 821 4330 torem
858 4266 1051 4330 animarum
1088 4286 1241 4341 suarum,
1280 4267 1392 4330 virum

711 4367 806 4449 pium
824 4373 861 4431 et
875 4367 1080 4430 monachum
1098 4365 1306 4435 ordinatum.

291 4494 365 4570 326,
404 4494 434 4568 6,
447 4500 557 4555 ottone
565 4491 638 4557 mu·
690 4492 825 4556 Deinde
838 4491 936 4556 missi
954 4498 1035 4556 sunt
1050 4490 1129 4554 duo.

454 4591 483 4655 si
497 4599 569 4656 sunt
