3384 5625
337 713 402 776 104
705 728 904 777 reerrorers
932 727 1065 776 vnum.

347 852 403 889 Pro.
417 852 469 890 uu.

359 916 390 987 4,
411 917 463 990 33,
479 911 599 976 additis
739 870 844 979 cum,

361 1040 390 1114 5,
431 1040 460 1113 1,
473 1036 689 1101 numeres..irr
739 1046 887 1122 excepto
907 1038 1071 1102 thesauro
1089 1056 1152 1100 suo
1169 1037 1205 1099 in
1223 1038 1328 1114 vasiS,
1341 1037 1442 1122 joca-

489 1137 667 1199 immensum
764 1139 855 1202 libus
871 1144 907 1201 et
924 1157 1021 1202 auro.

360 1298 387 1308 -
409 1257 691 1341 16,0appis..prae-
738 1262 858 1344 cappis
872 1261 1068 1325 choralibus
1084 1308 1092 1323 .
1107 1305 1135 1322 ..
1151 1261 1291 1341 praevia.

477 1354 646 1419 cedentibus

361 1520 387 1530 -
410 1483 461 1556 18,
479 1479 532 1543 ebe'
548 1526 554 1541 .
570 1527 576 1541 .
592 1529 599 1543 .
614 1480 692 1543 dere-
740 1495 776 1549 et
791 1484 965 1548 duxerunt
982 1484 1094 1564 ipsum
1110 1481 1242 1544 ducem.

491 1588 580 1642 armet
595 1600 662 1642 eum

364 1743 391 1754 -
413 1705 465 1779 28,
485 1712 545 1766 tres
700 1739 702 1744 2
741 1705 829 1768 deest.

363 1866 390 1876 -
412 1828 467 1900 29,
482 1835 615 1909 swmptoe
742 1828 954 1910 supradicto.

366 1951 395 2026 6,
434 1952 464 2027 4,
481 1970 543 2013 emo
744 1951 899 2016 Cestriee.

364 2113 390 2123 -
433 2113 459 2123 -
485 2094 612 2136 auream
740 2074 833 2138 addet
850 2074 971 2170 Paris,
990 2074 1131 2137 mirifice
1146 2079 1365 2155 gemmatam.

365 2237 391 2247 -
437 2194 466 2273 7,
482 2195 695 2260 umbraculrme
743 2200 931 2279 portabant
956 2206 1106 2280 quatuor
1132 2199 1279 2261 barones
1307 2199 1446 2261 umbre-

479 2294 697 2379 ..portabatur
766 2298 882 2361 culum
905 2299 1051 2361 sericum
1074 2309 1179 2379 super
1198 2303 1347 2379 quatuor
1365 2296 1447 2361 has·

768 2404 822 2460 tas
840 2415 926 2461 auro
941 2393 1066 2479 pictas.
1146 2485 1153 2498 ⁹

366 2556 392 2567 -
436 2519 467 2591 8,
481 2487 517 2579 {rt
534 2515 672 2579 dieimee
745 2520 861 2585 desert.

366 2680 393 2691 -
415 2637 468 2715 37,
487 2639 522 2702 in
537 2637 667 2701 sinistra
746 2645 781 2709 in
798 2646 940 2709 sinistra
954 2646 1178 2729 bajulantem.

370 2761 398 2839 7,
443 2765 472 2839 3,
490 2762 682 2848 supradietis
746 2769 839 2833 addit
856 2769 983 2848 Paris„
1006 2769 1050 2833 ad
1075 2768 1191 2834 sedem
1211 2786 1322 2846 suam,
1342 2776 1378 2835 et
1396 2770 1448 2832 in·

770 2877 873 2951 cepta
900 2876 954 2933 est
982 2869 1076 2932 illico
1104 2868 1290 2950 solempnis
1317 2868 1448 2933 festivi-

770 2974 825 3031 tas
842 2968 957 3031 missae
972 2968 1196 3032 celebrandae.

367 3125 394 3136 -
439 3089 470 3161 5,
487 3095 699 3156 meere·
748 3108 825 3151 eum
844 3088 888 3151 ad
903 3089 1113 3152 offerendum
1131 3097 1166 3153 et
1181 3089 1306 3154 iterum
1322 3091 1450 3155 redux-

496 3185 650 3250 dueerrmt
770 3195 872 3252 erunt
888 3188 1046 3252 similiter
1062 3187 1106 3252 ad
1123 3208 1253 3271 pacem.

367 3349 394 3361 -
436 3351 462 3361 -
488 3312 582 3375 missa
597 3331 672 3373 ecm-
747 3313 853 3377 missa
870 3312 1062 3393 gaudenter
1078 3320 1228 3377 cantate.

499 3422 567 3477 tata

368 3573 395 3584 -
418 3539 471 3610 18,
486 3537 670 3621 Septembris
748 3534 840 3598 addit
869 3534 990 3610 Paris,
1017 3533 1139 3597 Officia
1162 3536 1385 3616 praelatorum
1415 3545 1451 3601 et

769 3641 984 3714 magnatum,
1003 3654 1081 3716 quae
1099 3634 1301 3717 abantiquo
1319 3638 1401 3719 jure
1416 3644 1451 3700 et

769 3733 1016 3796 consuetudine
1030 3735 1067 3797 in
1084 3753 1205 3816 regum
1222 3736 1450 3799 coronationi-

768 3832 833 3894 bus
851 3831 916 3895 sibi
933 3832 1118 3897 vendicant
1133 3841 1168 3896 et
1182 3832 1295 3898 faeere
1312 3835 1450 3911 debent,

768 3931 804 3993 in
816 3929 1116 4009 rotulisScaecerii
1125 3939 1290 4015 poterunt
1298 3935 1450 4016 reperiri.

366 4085 393 4096 -
416 4048 469 4121 22,
482 4047 686 4116 interdieerat
747 4054 968 4118 interdictum
985 4063 1050 4121 est.

368 4209 395 4220 -
417 4172 698 4246 23,ireeantationee
746 4185 838 4242 artes
858 4225 864 4239 .
881 4227 889 4242 .
907 4226 915 4242 .
933 4181 1096 4247 exerceri.

499 4275 633 4353 ...fiere

749 4401 842 4464 addit
859 4401 984 4478 Paris„
1001 4403 1043 4466 de
1061 4403 1188 4484 quibus
1206 4403 1229 4467 J
1233 4404 1322 4468 udaei
1338 4411 1373 4468 et
1390 4405 1452 4468 ali-

770 4519 848 4581 quae
867 4501 1026 4564 mulieres
1041 4511 1123 4566 sunt
1138 4503 1293 4566 infames,
