3384 5625
673 774 872 822 uncrrosns
894 776 1028 822 vsnrn.
1333 758 1400 822 169

294 958 435 1041 spondit
451 977 526 1034 rex,
542 964 552 990 ‘
569 956 759 1038 Nunquam
776 957 846 1037 legi
862 957 917 1020 vel
934 957 1064 1033 audivi,
1080 958 1173 1039 quod
1189 957 1315 1040 aliquis
1333 978 1396 1022 rex

294 1069 364 1123 tam
380 1077 583 1141 prosperum
600 1076 745 1138 regnum
759 1057 941 1138 possidens
955 1058 1150 1142 subjeetum
1167 1066 1202 1123 et
1223 1059 1400 1135 obediens,

294 1178 395 1221 suum
420 1159 472 1221 sic
503 1158 609 1221 vellet
633 1162 757 1238 sponte
781 1154 995 1239 pessundare
1024 1159 1267 1241 principatum,
1291 1165 1330 1222 ut
1355 1159 1399 1222 de

294 1259 403 1322 libero
434 1257 564 1319 faceret
600 1255 833 1330 tributarium,
864 1256 907 1318 de
943 1276 1007 1320 suo
1040 1257 1202 1333 alienum,
1234 1258 1277 1322 de
1309 1258 1400 1323 felici

296 1358 470 1432 miserum,
489 1363 525 1420 et
548 1374 587 1417 se
611 1355 766 1432 alterius,
791 1361 956 1436 tanquam
984 1357 1058 1419 sine
1090 1358 1231 1421 vulnere
1259 1358 1400 1436 victum,

297 1457 421 1520 dedere
455 1455 636 1521 voluntati.
688 1453 853 1532 Quinimo
882 1454 925 1517 de
959 1456 1078 1519 multis
1106 1456 1176 1538 legi
1209 1464 1244 1520 et
1272 1457 1401 1534 audivi,

300 1556 393 1637 quod
416 1555 517 1618 multi
541 1554 722 1635 sanguinis
739 1553 906 1616 effusione
928 1563 964 1617 et
981 1555 1151 1636 profluvio
1175 1557 1240 1619 sibi
1262 1556 1401 1620 liberta·

302 1663 384 1731 tem,
415 1654 509 1736 quod
539 1652 712 1727 laudabile
746 1652 823 1730 fuit,
855 1661 1121 1735 compararent3
1155 1655 1257 1718 modo
1283 1662 1399 1718 autem

300 1754 415 1831 audio,
434 1753 526 1836 quod
540 1753 700 1817 dominus
717 1759 832 1817 vester
853 1753 969 1828 miser,
989 1753 1087 1816 deses
1110 1761 1146 1817 et
1161 1754 1319 1830 imbellis,
1341 1756 1401 1837 qui

300 1854 395 1917 nullo
421 1853 549 1915 nullior
576 1861 643 1928 est,
670 1853 713 1916 de
740 1852 850 1915 hhero
874 1871 995 1915 servus
1026 1852 1100 1916 fieri
1131 1853 1313 1930 desiderat,
1343 1855 1403 1936 qui

298 1952 450 2017 omnium
477 1951 673 2016 mortalium
697 1951 909 2014 miserrimus
936 1951 1014 2015 est.²
1067 1951 1197 2016 Postea
1221 1973 1316 2029 vero,
1340 1954 1401 2017 sed

299 2072 375 2116 cum
403 2059 618 2132 contemptu,
644 2050 826 2131 inquisivit
852 2050 952 2133 cujus
975 2053 1090 2115 aetatis
1114 2060 1217 2130 esset,
1243 2061 1401 2133 staturae,

300 2172 342 2216 ac
368 2150 597 2215 strenuitatis.
650 2149 716 2213 Cui
749 2168 954 2231 responsum
988 2158 1054 2229 est,
1085 2152 1178 2234 quod
1207 2159 1311 2216 aetate
1337 2152 1404 2217 fuit

301 2250 620 2333 quinquagenarius
649 2256 685 2313 et
711 2250 852 2312 omuino
883 2269 1002 2328 canus,
1031 2271 1174 2333 corpore
1199 2252 1309 2328 fortis,
1338 2272 1402 2316 nec

303 2370 479 2432 procerus,
504 2349 565 2413 sed
593 2350 709 2430 potius
741 2357 955 2431 compactus,
989 2358 1025 2414 et
1054 2351 1173 2413 formae
1204 2351 1247 2415 ad
1279 2353 1403 2423 robora

302 2450 549 2513 convenientis.
604 2447 708 2526 Quod
725 2468 803 2512 cum
824 2449 980 2513 audisset
1001 2468 1074 2526 rex,
1094 2450 1282 2533 respondit,
1299 2456 1309 2485 ‘
1324 2451 1403 2515 Vir-

305 2556 362 2613 tus
391 2549 467 2632 ejus
493 2547 661 2631 juvenilis
693 2566 733 2609 ac
766 2547 876 2610 virilis
909 2549 1020 2630 tepuit
1045 2550 1119 2631 jam
1143 2557 1179 2613 et
1200 2550 1402 2631 refrigescit.

304 2649 401 2710 Infra
436 2647 651 2722 decennium,
685 2645 772 2727 *dato
814 2645 907 2725 quod
950 2655 1022 2708 tam
1054 2647 1113 2709 diu
1151 2649 1305 2712 victurus
1345 2651 1402 2725 sit,

304 2733 416 2812 ¹virtus
437 2746 514 2831 ejus
538 2746 672 2811 deficiet
698 2750 885 2826 antequam
912 2743 1058 2806 arduum
1081 2745 1163 2827 quid
1187 2766 1403 2813 consumma·

304 2848 413 2928 verit3
444 2847 476 2910 si
497 2867 589 2910 nunc
613 2844 790 2925 inciperet,
804 2843 841 2905 in
859 2842 1029 2907 defectum
1044 2845 1245 2925 declinaret,
1261 2866 1324 2911 nec
1341 2848 1401 2912 ali·

304 2947 385 3028 quid
421 2947 563 3011 valeret.
616 2944 944 3026 Quinquagenarius
978 2945 1067 3008 enim
1100 2946 1227 3022 decidit
1258 2949 1404 3025 occulte,

305 3047 555 3127 sexagenarius
569 3044 760 3108 manifeste.
814 3042 944 3108 Pacem
961 3045 1003 3108 de
1020 3053 1145 3110 caetero
1162 3047 1227 3110 sibi
1245 3046 1404 3129 adquirat

304 3153 339 3209 et
354 3146 534 3228 quiescat.'
587 3143 762 3224 Colligens
776 3163 861 3225 ergo
876 3145 993 3208 omnia
1004 3145 1170 3227 inquisita
1185 3152 1220 3209 et
1237 3165 1403 3227 responsa

305 3246 516 3322 nuntiorum,
539 3250 619 3325 post
642 3262 787 3325 parvum
812 3243 997 3320 silentium,
1021 3243 1115 3307 facta
1136 3245 1404 3309 subsannatione

222 3376 225 3382 ·
304 3346 341 3407 in
363 3346 501 3425 signum
526 3362 663 3423 magnae
685 3341 945 3422 indignationis,
969 3343 1102 3425 sprevit
1124 3343 1182 3405 ille
1204 3342 1403 3407 admiralius

305 3463 421 3524 regem
445 3443 468 3506 J
471 3442 640 3506 ohannem
667 3441 794 3516 dicens,
814 3440 975 3504 ‘Nullius
1002 3449 1055 3505 est
1079 3461 1141 3504 rex
1166 3440 1237 3516 ille,
1263 3441 1323 3504 sed
1353 3463 1405 3506 rc-

305 3542 408 3623 gulus
430 3543 505 3626 jam
528 3540 698 3622 desipiens
722 3546 757 3603 et
779 3559 974 3618 senesceuS,
1004 3560 1065 3604 nec
1091 3559 1173 3603 curo
1195 3540 1238 3603 de
1265 3560 1326 3619 e0;
1352 3542 1405 3604 in-

304 3641 428 3722 dignus
454 3647 508 3705 est
533 3638 618 3702 mihi
643 3638 870 3703 confoederari
885 3640 906 3718 ;'
933 3648 968 3703 et
991 3639 1205 3722 conspiciens
1234 3639 1403 3705 Thomam

307 3747 343 3804 et
360 3739 585 3821 Radulphum
603 3747 703 3802 torvo
718 3739 819 3802 vultu
835 3740 898 3816 ait,
915 3746 924 3773 ‘
939 3739 974 3804 N
976 3760 1021 3804 on
1046 3741 1195 3804 redeatis
1214 3741 1337 3804 iterum
1361 3742 1405 3805 ad

307 3860 417 3904 meam
452 3839 684 3923 praesentiam,
723 3858 785 3903 nec
818 3838 960 3904 videant
992 3840 1083 3904 oculi
1118 3841 1224 3904 vestri
1258 3841 1406 3922 amplius

307 3939 429 4003 facicm
442 3959 566 4003 meam.
619 3938 739 4015 Fama,
764 3937 825 4001 sed
850 3940 965 4019 potius
986 3940 1138 4015 infamia,
1158 3938 1286 4005 domini
1301 3942 1407 4004 vestri

303 4038 377 4121 jam
404 4046 575 4122 apostatae
602 4036 802 4118 desipientis
826 4036 982 4100 foetorem
1009 4038 1151 4101 exhalat
1166 4038 1202 4099 iu
1218 4050 1404 4120 conspectu

308 4158 384 4202 meo
402 4137 638 4203 teterrimum.'
691 4134 944 4199 Recedeutibus
960 4137 1068 4216 igitur
1083 4155 1161 4199 cum
1180 4137 1304 4199 rubore
1321 4159 1407 4201 nun-

310 4238 379 4314 tiis,
400 4238 600 4302 intuebatur
627 4255 690 4299 rex
715 4234 773 4296 ille
799 4233 999 4297 admiralius
1024 4235 1217 4299 Bohertum
1233 4235 1406 4315 clericum,

309 4338 368 4418 qui
398 4338 521 4402 tertius
546 4344 622 4400 erat
653 4335 863 4409 nuntiorum,
895 4334 955 4415 qui
977 4353 1106 4417 parvus
1134 4343 1209 4399 erat
1234 4343 1270 4400 et
1300 4337 1406 4419 niger,

309 4454 413 4498 unum
431 4434 607 4499 brachium
631 4434 767 4514 longius
789 4432 920 4496 hahens
937 4434 1068 4515 reliquo
1086 4441 1121 4498 et
1136 4436 1263 4516 digitos
1281 4437 1407 4501 inordi-

309 4541 423 4612 natos,
443 4535 575 4599 scilicet
591 4532 678 4596 duos
694 4534 760 4597 sihi
778 4532 1003 4611 cohaerentes,
1025 4541 1059 4598 et
1072 4534 1195 4599 faciem
1210 4536 1233 4599 J
1237 4536 1404 4601 udaicam.
