3384 5625
298 762 364 827 266
678 774 880 822 incubans
907 772 1041 821 vnum.

312 902 368 938 ΡΛῦ.
392 900 443 937 uu.

303 965 376 1038 200,
397 962 449 1038 16,
460 960 607 1045 prebui
701 959 846 1022 clericis

302 1086 376 1158 201,
397 1087 450 1159 11,
467 1082 624 1147 caulium
699 1083 792 1147 ocidit
826 1081 953 1158 Paris,
986 1081 1100 1146 factus
1131 1088 1198 1158 est,
1236 1082 1320 1163 quia
1353 1082 1405 1145 sic

722 1182 877 1264 oportuit
904 1181 987 1257 ficri,
1015 1180 1159 1245 baculus
1182 1179 1405 1257 arundineus,

722 1281 823 1364 cujus
847 1280 1042 1361 fragmenta
1069 1280 1342 1344 vulneraverunt
1367 1281 1404 1343 in

722 1399 761 1443 se
777 1379 999 1444 confidentes.

299 1543 350 1553 -
394 1502 448 1575 23,
464 1498 621 1565 obviarent
699 1503 792 1566 addit
828 1502 953 1579 Paris,
988 1501 1251 1566 consentientes
1293 1502 1402 1584 igitur

720 1603 823 1665 corde
841 1600 1032 1683 qualiquali
1054 1602 1118 1664 sub
1138 1601 1289 1683 quadam
1307 1622 1402 1666 sum·

721 1719 778 1763 ina
793 1701 947 1783 pecuniae
957 1700 1059 1763 finem
1073 1700 1323 1765 conclusissent
1336 1701 1403 1764 sibi

721 1799 906 1876 tolerabili,
939 1798 1017 1875 nisi,
1048 1807 1087 1863 ut
1121 1800 1298 1876 asseritur,
1324 1799 1402 1863 Ste-

720 1897 857 1981 phanus
875 1897 918 1961 de
933 1898 1097 1979 Segrave‚
1115 1898 1206 1979 regis
1220 1905 1302 1961 tunc
1319 1918 1402 1963 con·

720 1997 882 2074 siliariuS,
897 1997 951 2061 vir
966 1997 1105 2078 quidem
1119 1997 1173 2060 sui
1190 1997 1298 2060 solius
1315 1997 1403 2060 aini-

722 2115 794 2174 cus,
809 2115 931 2161 versus
953 2096 989 2159 iu
1006 2114 1125 2159 arcum
1140 2114 1298 2178 pravum,
1315 2116 1403 2178 qua-

720 2196 800 2259 dam
840 2195 1029 2259 simoniaca
1065 2196 1293 2259 conventione
1324 2215 1402 2259 cum

721 2295 888 2375 magistro
906 2294 1083 2376 Stephano
1107 2293 1212 2371 facta,
1233 2294 1278 2358 ad
1297 2295 1401 2359 talem

722 2392 880 2456 effectum
904 2413 975 2456 rein
999 2392 1174 2474 perduxit,
1197 2394 1291 2475 quod
1308 2394 1401 2458 deci·

722 2511 796 2555 mas
824 2493 919 2573 ipsas
947 2492 1101 2574 plenarie
1129 2493 1195 2556 sibi
1220 2494 1339 2575 exegit
1368 2503 1404 2558 et

722 2592 884 2667 obtinuit,
915 2590 959 2654 ad
987 2590 1150 2655 damnum
1182 2592 1338 2657 ecclesiae
1368 2601 1402 2657 et

722 2692 819 2771 regni
843 2690 1109 2769 inaestimabi103
1132 2690 1194 2754 sed
1211 2691 1310 2774 justo
1333 2692 1402 2756 Dei

717 2790 851 2874 judicio
866 2788 941 2853 haec
961 2788 1181 2854 fraudulenta
1204 2792 1403 2873 procuratio

721 2890 889 2970 praedicto
915 2888 1091 2970 Stephano
1116 2890 1307 2972 justitiario
1332 2911 1400 2955 non

722 2987 889 3051 successit
906 2988 942 3050 in
956 3006 1171 3070 prosperum.

303 3118 377 3192 202,
397 3117 448 3190 18,
464 3115 550 3178 anim·
700 3117 827 3173 autem.

303 3240 376 3315 203,
417 3242 447 3316 4,
461 3237 652 3302 Oootiocis..
701 3231 878 3296 Praeterea
899 3233 1021 3295 habuit
1036 3232 1125 3296 idem
1144 3232 1310 3313 magister
1327 3233 1402 3297 Ste-

464 3336 654 3402 auctoribus
721 3330 857 3414 phanus
895 3330 1064 3413 quosdam
1098 3351 1214 3395 secum
1251 3331 1401 3395 foenera·

457 3439 626 3522 fructuosa
722 3437 814 3494 tores
840 3431 1082 3512 nequissimos,
1111 3430 1171 3512 qui
1200 3448 1238 3492 se
1270 3449 1402 3494 merca-

722 3537 815 3592 tores
831 3529 1067 3611 appellabant,
1089 3547 1230 3592 usuram
1256 3531 1320 3592 sub
1340 3548 1403 3593 no·

721 3629 813 3690 mine
841 3627 1087 3708 negotiationis
1118 3628 1315 3711 palliantes,
1341 3629 1402 3710 qui

720 3727 902 3805 egentibus
934 3734 976 3811 'et
1014 3726 1252 3790 exactionibus
1296 3744 1404 3791 vexa-

721 3823 766 3885 tis
798 3824 999 3888 obtulerunt
1024 3826 1229 3908 pecuniam3
1266 3831 1313 3902 ot,
1344 3845 1402 3906 nr-

721 3928 824 4002 gente
842 3931 1030 3987 memorato
1047 3923 1224 4005 Stephano
1244 3924 1309 3986 sub
1329 3943 1400 4005 poe-

720 4039 766 4083 na
783 4021 1000 4101 gravissima,
1025 4023 1137 4085 coacti
1161 4021 1261 4084 multi
1280 4029 1402 4086 mutuo

720 4138 853 4201 cepere,
865 4121 925 4201 qui
938 4127 1061 4202 postea
1074 4121 1110 4182 in
1128 4120 1272 4201 laqueos
1282 4139 1402 4184 eorum

719 4218 924 4294 inciderunt,
938 4218 1064 4281 damna
1072 4218 1344 4282 irrestaurabilia
1352 4219 1402 4281 in-

720 4324 908 4380 currentes.
954 4315 1136 4380 Continuis
1153 4316 1404 4381 maledictioni-

719 4416 796 4490 bus,
819 4414 879 4478 sed
900 4415 1057 4489 occultis,
1078 4415 1212 4497 repleta
1226 4421 1280 4478 est
1297 4421 1401 4492 terra,

720 4514 988 4594 imprecantibus
998 4514 1320 4590 cunctis,‘Exactio
1331 4514 1404 4578 suis
