3384 5625
670 798 871 847 nncrronrs
895 799 1029 847 venre.
1332 783 1397 847 163

305 927 361 964 Pto.
385 926 437 963 unt.
510 961 513 965 .

253 989 255 993 ’
294 988 613 1065 240‚13,cnnctiset
692 1005 806 1049 coram
830 987 964 1050 cunctis
992 986 1187 1050 astantibus
1215 992 1251 1049 et
1276 986 1394 1050 andire

713 1086 911 1150 volentibus
928 1085 1012 1149 illud
1027 1086 1261 1169 praedicando.

293 1214 367 1288 242,
382 1210 433 1289 27,
451 1212 622 1277 continetur
691 1210 897 1273 continetur.
951 1209 1020 1274 Per
1045 1210 1135 1273 idem
1163 1218 1299 1292 tempus
1331 1230 1393 1274 rex

713 1310 791 1392 capi
828 1307 911 1373 fecit
943 1308 1136 1373 Galsridum
1176 1310 1218 1373 de
1253 1308 1394 1374 Nerwic

714 1409 876 1472 clericum
896 1429 996 1472 suum
1021 1409 1166 1486 fidelem,
1191 1408 1392 1492 prudentem

714 1517 750 1573 et
769 1509 976 1589 elegantem,
1001 1510 1088 1572 etin
1113 1518 1227 1573 castro
1253 1510 1295 1572 de
1320 1509 1393 1573 No-

713 1608 868 1689 tingham
906 1628 1011 1689 poena
1046 1609 1245 1689 excogitata
1283 1627 1392 1691 usque

714 1716 858 1772 mortem
872 1708 1035 1790 torqueri.
1073 1706 1175 1784 Quod
1190 1708 1310 1770 videns
1318 1728 1391 1771 ma·

714 1808 822 1888 gister
844 1805 1041 1870 Willelmus
1070 1806 1112 1869 de
1140 1805 1308 1882 Neccoto,
1338 1827 1393 1871 so-

714 1908 788 1970 cius
804 1906 888 1970 dicti
906 1906 1067 1984 Galfridi,
1087 1906 1141 1969 vir
1160 1926 1229 1970 non
1251 1907 1392 1969 minoris

713 2006 853 2083 valoris,
876 2006 966 2089 fugit
989 2007 1025 2069 in
1050 2006 1233 2069 Franciam
1251 2014 1286 2070 et
1300 2006 1393 2087 apud

715 2105 915 2169 Curbolium
950 2106 1008 2169 diu
1037 2105 1202 2181 latitavit,
1230 2124 1273 2168 ne
1302 2106 1392 2169 sicut

714 2204 892 2269 Galfridus
904 2205 1074 2269 immerito
1086 2211 1275 2268 necaretur.
1309 2204 1392 2287 Ipso

714 2305 833 2368 eodem
861 2313 1013 2387 tempore
1041 2325 1103 2368 rex
1123 2304 1301 2368 Johannes
1322 2303 1393 2367 fac·

714 2413 772 2468 tus
790 2405 832 2467 de
846 2424 927 2486 rege
944 2413 1125 2487 tyrannus,
1145 2405 1206 2487 qui
1222 2404 1392 2485 quendam

713 2505 921 2585 armigerum
958 2505 1143 2568 Falconem
1181 2504 1394 2585 imposuerat

714 2602 880 2667 custodiae
903 2603 1040 2666 cuidam
1062 2603 1098 2666 in
1125 2602 1277 2665 marchia
1293 2602 1394 2666 Wal-

713 2702 782 2779 liae,
798 2702 912 2765 sciens
928 2701 1024 2763 illum
1039 2701 1170 2763 nullum
1188 2700 1321 2763 facinus
1336 2701 1393 2763 ab·

713 2801 863 2878 horrere,
882 2801 1022 2865 vocavit
1047 2801 1158 2884 ipsum
1182 2800 1273 2864 utin
1291 2801 1392 2864 baro-

714 2921 775 2965 nes
791 2901 1030 2966 baccharetur.
1076 2901 1163 2964 Erat
1178 2907 1294 2963 autem
1312 2919 1393 2981 rup-

714 3003 822 3065 tarius
833 3002 1076 3084 nequissimus
1088 3000 1123 3064 N
1126 3008 1241 3064 euster
1254 3001 1393 3064 natione

714 3110 749 3165 et
762 3103 911 3183 spurius.
965 3100 1033 3165 Sed
1050 3101 1174 3183 etipse
1190 3100 1298 3164 multo
1317 3120 1392 3163 cru-

714 3201 823 3264 delius
841 3219 943 3282 quam
967 3201 998 3263 ei
1011 3199 1146 3282 jussum
1164 3200 1230 3263 fuit
1247 3200 1282 3261 in
1300 3200 1394 3281 ipsos

714 3299 871 3373 desaevit,
881 3299 972 3361 sicut
981 3299 1114 3362 dicetur
1122 3298 1277 3375 inferius;
1294 3318 1393 3380 prop-

713 3406 767 3462 ter
782 3398 873 3480 quod
888 3417 951 3461 rex
966 3398 1079 3460 factus
1097 3397 1128 3458 ei
1145 3396 1315 3477 propitius
1333 3396 1392 3459 de·

713 3498 764 3561 dit
786 3497 817 3560 ei
844 3496 992 3560 nobilem
1014 3495 1186 3558 dominam
1215 3495 1394 3576 Margare-

715 3604 786 3661 tam
802 3597 844 3660 de
862 3595 1028 3678 RipariiS,
1046 3614 1123 3657 cum
1141 3594 1300 3658 omnibus
1322 3602 1391 3658 ter-

713 3697 761 3760 ris
775 3715 851 3761 eam
870 3694 1160 3777 contingentibus.
1208 3695 1288 3759 Hoc
1302 3714 1393 3759 anno

713 3798 894 3860 combusta
903 3803 957 3860 est
967 3795 1114 3859 ecclesia
1125 3803 1255 3859 sauctae
1270 3795 1393 3858 Mariae

714 3897 756 3959 de
786 3897 927 3959 Suwerc
961 3894 1202 3970 Londinensis,
1241 3901 1276 3957 et
1306 3915 1393 3977 pens

714 3994 944 4058 Londinensis
957 3995 1047 4057 inter
1063 4002 1133 4056 tres
1149 3993 1339 4070 columnas,
1358 4002 1392 4057 et

714 4093 847 4175 capella
863 4092 1020 4155 similiter
1035 4111 1139 4173 super
1153 4099 1304 4173 pontem,
1315 4112 1392 4156 cum

713 4211 841 4273 magna
855 4198 955 4273 parte
970 4191 1122 4254 civitatis
1139 4197 1175 4253 et
1188 4197 1288 4270 parte
1301 4191 1393 4256 viliae

713 4292 756 4354 de
778 4290 930 4366 Suwerc,
953 4289 1031 4370 igne
1054 4288 1242 4352 Tamisiam
1267 4293 1392 4354 transi-

713 4392 838 4468 liente3
870 4389 1113 4472 perieruntque
1139 4388 1275 4452 circiter
1300 4391 1393 4455 mille

714 4489 871 4555 homiues
892 4508 969 4553 cnm
989 4490 1188 4568 mulieribus
1210 4497 1245 4552 et
1267 4492 1393 4572 pueriS,

714 4592 749 4654 in
768 4597 869 4654 nocte
886 4589 1018 4654 scilicet
1028 4590 1264 4653 translationis
1281 4591 1392 4654 sancti

715 4688 904 4753 Benedicti.

1237 4794 1255 4827 n
1274 4786 1289 4829 2
