3384 5625
322 745 366 808 56

696 760 894 808 LEGTIONES
916 759 1053 807 VARIAE.

378 949 416 1006 to
432 942 527 1023 regio
548 941 760 1019 convocatis,
774 963 837 1006 rex
859 942 986 1006 talibus
1007 942 1169 1023 alloquiis
1189 962 1293 1022 super
1312 941 1379 1004 mel
1400 948 1435 1005 et

380 1041 496 1105 favum
526 1041 708 1124 oleumque
738 1041 877 1105 mellitis
905 1048 940 1105 et
963 1041 1105 1105 mollitis
1128 1041 1308 1105 blandiens
1333 1040 1435 1117 dixit,

381 1139 515 1205 ‘Amici
539 1147 575 1204 et
596 1141 714 1203 fideles
745 1142 812 1204 mei
838 1140 1008 1222 indigenae
1036 1159 1077 1204 ac
1101 1140 1289 1216 naturales
1313 1140 1435 1215 nostiS,

381 1241 497 1303 veraci
520 1240 613 1303 fama
639 1237 818 1316 referente,
841 1242 990 1322 qualiter
1013 1239 1120 1304 frater
1141 1260 1237 1303 meus
1262 1239 1436 1303 Robertus

383 1338 512 1401 electus
537 1346 572 1402 et
596 1359 657 1421 per
680 1339 792 1401 Deum
815 1347 961 1403 vocatus
989 1345 1042 1401 est
1070 1338 1112 1402 ad
1143 1358 1285 1420 regnum
1310 1337 1438 1400 Hiero-

384 1438 627 1520 solymitanum
644 1437 804 1502 foeliciter
818 1436 1090 1519 gubernandum,
1105 1445 1140 1501 et
1160 1456 1262 1520 quam
1283 1437 1437 1500 frontose

385 1536 470 1600 illud
491 1536 687 1601 infoeliciter
705 1537 922 1613 refutaverit,
948 1537 1071 1599 merito
1100 1545 1282 1619 propterea
1312 1556 1333 1599 a
1360 1535 1436 1598 Deo

385 1636 631 1718 reprobandus.
671 1635 794 1699 Nostis
817 1637 921 1699 etiam
943 1637 978 1698 in
1002 1635 1118 1700 multis
1141 1636 1218 1698 aliis
1241 1635 1436 1716 superbiam

387 1743 422 1797 et
442 1734 656 1800 ferocitatem
676 1734 779 1810 illius,
803 1735 885 1818 quia
912 1736 966 1797 vir
991 1733 1186 1811 bellicosuS,
1209 1735 1305 1816 pacis
1330 1735 1439 1815 impa-

387 1835 476 1897 tiens
494 1841 563 1912 est;
582 1853 713 1916 vosque
728 1834 877 1915 scienter
891 1834 990 1916 quasi
1004 1834 1290 1915 contemptibiles,
1307 1839 1343 1896 et
1354 1850 1439 1914 quos

388 1932 522 1996 desides
541 1939 646 1998 vocat
665 1939 701 1996 et
726 1933 899 2014 glutones,
919 1931 1121 1997 conculcare
1137 1932 1318 1995 desiderat.
1364 1932 1440 2011 Ego

388 2052 470 2096 vero
485 2051 548 2095 rex
565 2032 703 2094 humilis
726 2038 761 2095 et
778 2032 955 2114 pacificus,
975 2050 1039 2095 vos
1061 2033 1097 2095 in
1120 2050 1204 2114 pace
1226 2032 1261 2093 in
1287 2031 1441 2113 antiquis

390 2131 515 2194 vestris
540 2130 771 2208 libertatibus,
798 2138 902 2215 prout
933 2132 1085 2195 crebrius
1108 2130 1334 2215 jurejurando
1365 2149 1442 2212 pro·

391 2230 480 2306 misi,
504 2232 616 2310 gestio
636 2229 830 2307 confovere,
853 2237 888 2293 et
907 2230 1031 2295 vestris
1055 2229 1253 2294 inclinando
1276 2230 1441 2306 consiliis

392 2330 583 2393 consultius
600 2348 642 2393 ac
661 2330 791 2405 mitiuS,
809 2349 904 2393 more
923 2330 1095 2393 mansueti
1112 2329 1286 2411 principie,
1305 2330 1443 2411 sapien·

391 2435 444 2492 ter
458 2429 662 2509 gubernare,
680 2435 716 2491 et
730 2447 834 2511 super
849 2429 915 2504 his,
929 2430 959 2491 si
970 2428 1202 2512 provideritis
1218 2429 1348 2510 scripta
1363 2429 1444 2491 sub·

391 2534 490 2591 arata
506 2529 670 2591 roborare
684 2545 694 2604 3
720 2535 755 2591 et
770 2528 904 2591 iteratis
916 2526 1123 2611 juramentis
1143 2527 1309 2609 praedicta
1326 2527 1447 2590 certis·

391 2628 477 2689 sime
507 2627 721 2706 confirmare,
753 2628 869 2690 omnia
901 2626 1072 2703 videlicet,
1102 2645 1180 2710 quae
1211 2634 1354 2690 sanctus
1382 2646 1445 2690 rex

394 2726 597 2803 EdwardnS,
621 2726 699 2790 Deo
720 2726 924 2812 inspirante,
951 2726 1093 2808 provide
1115 2726 1276 2803 sancivit,
1297 2726 1443 2789 inviola-

393 2825 509 2889 biliter
525 2826 633 2910 jubeo
654 2829 841 2892 observari.
890 2827 941 2891 Ut
965 2846 1098 2890 mecum
1124 2825 1272 2889 fideliter
1299 2834 1444 2900 stantes

394 2923 511 2987 fratris
533 2910 611 3002 mei,
632 2927 737 2989 immo
755 2935 790 2991 et
807 2927 874 2989 mei
892 2933 927 2989 et
941 2926 1049 2989 totius
1066 2927 1164 3007 regni
1180 2923 1319 3006 Angliae
1337 2925 1446 2989 hostis

394 3023 624 3088 cruentissimi
646 3025 790 3110 injurias
812 3032 981 3108 potenter,
1005 3024 1170 3101 animose,
1192 3045 1233 3088 ac
1252 3025 1446 3088 voluntarie

394 3123 615 3205 propulsetis.
668 3125 706 3188 Si
732 3126 823 3187 enim
849 3124 1051 3188 fortitudine
1077 3125 1447 3206 Anglorumroborer,

395 3222 515 3286 inanes
533 3222 813 3288 Normannorum
830 3225 942 3287 minas
957 3243 1174 3307 nequaquam
1190 3242 1314 3287 censeo
1330 3223 1447 3287 formi-

395 3321 551 3386 dandas!
602 3322 745 3387 Talibus
760 3325 867 3406 igitur
885 3322 1073 3407 promissis,
1096 3343 1175 3406 quae
1192 3331 1308 3387 tamen
1329 3323 1362 3385 in
1381 3324 1447 3386 fine

395 3422 611 3504 impudenter
628 3423 783 3497 violavit,
804 3426 957 3486 omnium
980 3423 1085 3487 corda
1107 3423 1173 3486 sibi
1195 3423 1385 3499 inclinavit,
1409 3429 1448 3486 ut

396 3542 458 3604 pro
488 3524 564 3604 ipso
595 3532 716 3586 contra
740 3524 927 3605 quemlibet
955 3541 1064 3605 usque
1096 3523 1140 3586 ad
1164 3522 1288 3605 capitis
1312 3522 1447 3604 exposi-

394 3622 523 3684 tionem
543 3621 755 3685 dimicarent.

348 3743 424 3879 ddi,
436 3744 494 3877 dd,
516 3804 698 3868 Taularclc-
747 3813 799 3869 est
816 3807 973 3888 usquein
989 3807 1217 3871 Herchebrai.

513 3900 584 3967 brui

347 4057 399 4068 —-
440 4054 484 4063 —
509 4017 622 4083 obsedit
747 4019 834 4082 deest.

349 4175 399 4186 -
444 4136 496 4210 19,
513 4135 698 4212 inchoatum,
748 4134 955 4208 inchoatam,
974 4137 1033 4199 ubi
1047 4134 1200 4198 fautores
1215 4134 1312 4197 ducis
1327 4135 1362 4197 in
1379 4152 1451 4196 cas·

515 4244 543 4298 et
770 4235 890 4297 tellum
916 4235 1183 4299 munitissimum
1210 4253 1286 4297 sese
1317 4252 1453 4314 recepe·

770 4342 863 4397 runt.
916 4334 1016 4398 Duce
1033 4353 1116 4396 vero
1136 4332 1341 4408 declinante,
1363 4331 1453 4394 mili-

771 4441 823 4496 tes
844 4434 952 4516 ipsius
980 4433 1193 4497 obsidionem
1214 4432 1306 4512 regis
1329 4431 1454 4512 imper·

771 4533 889 4596 territe
913 4539 1144 4615 expectarunt
1165 4550 1202 4594 se
1228 4531 1372 4594 viriliter
1397 4530 1452 4595 de-

771 4631 959 4694 fendentes.
1011 4631 1166 4695 Tandem
1184 4631 1370 4694 Robcrtus.
