3384 5625
293 774 338 840 80
669 792 871 842 nocrionus
894 792 1027 844 viarm.

292 975 431 1041 luminis
462 995 484 1039 a
506 993 576 1059 quo
600 976 763 1054 sumitur,
787 977 837 1041 sie
863 976 1007 1059 aequalis
1036 994 1058 1039 a
1079 975 1186 1039 Patre
1213 975 1335 1053 Filius,
1362 984 1402 1041 et

294 1077 431 1159 utrique
449 1076 636 1159 coaequalis
655 1076 810 1159 procedit
829 1077 873 1139 ab
893 1081 1041 1159 utroque
1066 1074 1214 1158 Spiritus
1236 1075 1397 1140 Sanctus.

296 1175 440 1240 Modum
463 1182 577 1238 tamen
604 1176 773 1257 geniturae
798 1182 861 1238 aut
883 1175 1112 1257 processionis
1131 1174 1231 1238 istius
1248 1175 1402 1240 humana

295 1276 385 1339 ratio
399 1294 467 1337 non
484 1275 637 1355 attingit.
684 1274 785 1340 Unde
796 1294 874 1338 cum
892 1274 1006 1338 Esaiae
1020 1273 1062 1338 de
1081 1274 1161 1337 Filii
1175 1276 1401 1355 generatione

294 1381 480 1451 constaret,
497 1373 634 1437 modum
652 1375 883 1455 generationis
897 1374 1159 1439 inenarrabilem
1182 1393 1257 1437 esse
1273 1374 1402 1451 sciere,

296 1572 466 1655 propheta
486 1572 521 1635 in
540 1592 688 1655 persona
714 1573 795 1637 Filii
814 1573 857 1636 de
880 1572 945 1635 hac
960 1573 1194 1655 'generatione
1214 1571 1264 1636 sic
1287 1572 1399 1652 loqui-

296 1679 365 1748 tur,
383 1673 577 1736 ‘Dominus
593 1671 682 1736 dixit
699 1673 823 1746 adme,
843 1672 953 1735 Filius
971 1690 1066 1735 meus
1090 1690 1127 1734 es
1144 1678 1194 1748 tu,
1209 1691 1274 1752 ego
1297 1671 1400 1736 hodie

295 1772 400 1853 genui
428 1773 486 1836 te.'
553 1771 662 1835 Filius
703 1773 806 1836 etiam
846 1771 962 1836 David
997 1771 1172 1845 Salomon,
1208 1772 1268 1851 qui
1305 1771 1400 1837 dicta

296 1870 443 1935 scientia
470 1877 505 1935 et
534 1871 712 1935 intellectu
737 1871 940 1935 mirabiliter
968 1869 1167 1945 illustravit,
1193 1870 1229 1931 in
1251 1889 1401 1952 persona

298 1969 437 2046 Christi,
459 1968 519 2050 qui
542 1977 607 2046 est,
631 1970 721 2034 sicut
737 1969 870 2033 Paulus
896 1969 992 2043 dicit,
1015 1968 1110 2032 ‘Dei
1135 1969 1245 2033 virtus
1275 1976 1310 2033 et
1330 1970 1399 2033 Dei

295 2070 489 2152 sapientia,'
505 2070 541 2131 iu
555 2069 643 2133 libro
661 2069 859 2151 Sapientiae,
871 2068 902 2132 si
916 2077 955 2132 tu
970 2088 1049 2132 eum
1067 2068 1222 2149 recipias,
1233 2068 1285 2132 ita
1298 2067 1400 2145 dixit,

296 2169 489 2233 ‘Dominus
513 2168 668 2250 possedit
691 2189 746 2232 me
771 2169 807 2231 in
832 2169 931 2233 initio
956 2168 1089 2233 viarum
1115 2186 1275 2244 suarum3
1305 2175 1402 2232 ante-

297 2287 402 2350 quam
427 2267 556 2331 faceret
579 2268 623 2330 ab
645 2274 787 2344 aeterno,
812 2268 971 2332 ordinata
986 2286 1084 2346 sum3
1108 2273 1294 2349 antequam
1308 2274 1403 2331 terra

297 2367 407 2439 fieret,
421 2386 484 2429 nee
507 2366 587 2428 dum
604 2376 703 2431 erant
719 2368 846 2450 abyssi,
869 2374 905 2431 et
923 2387 988 2447 ego
1001 2366 1076 2450 jam
1096 2372 1264 2448 concepta
1280 2386 1398 2443 eram;

297 2466 437 2548 quando
462 2467 681 2548 praeparabat
710 2467 814 2531 caelos
842 2466 992 2542 aderam,
1019 2466 1156 2546 quando
1184 2466 1402 2547 appendebat

297 2564 533 2642 fundamenta,
548 2585 626 2629 eum
643 2585 683 2629 eo
698 2585 803 2643 eram,
818 2573 943 2630 cuncta
959 2564 1167 2647 disponens!
1207 2562 1401 2646 Apostolus

300 2665 405 2730 etiam
420 2664 551 2730 Paulus
574 2664 718 2747 Spiritui
735 2665 877 2743 Sancto,
893 2666 998 2728 immo
1018 2665 1083 2728 toti
1103 2663 1279 2742 Trinitati,
1302 2666 1402 2729 testie

296 2765 448 2829 monium
465 2764 620 2848 perhibet
631 2764 760 2843 dicens,
771 2771 782 2800 ‘
795 2766 896 2829 Misit
910 2763 1069 2848 spiritum
1083 2762 1163 2827 Filii
1177 2763 1231 2827 sui
1247 2764 1283 2827 iu
1293 2764 1402 2829 corda

298 2865 440 2939 nostra,’
464 2871 499 2928 et
516 2872 662 2942 caetera;
685 2865 828 2941 etalibi,
843 2864 904 2928 ‘Si
925 2864 1067 2946 spiritus
1090 2863 1177 2947 ejus,
1200 2863 1260 2947 qui
1277 2863 1301 2927 J
1304 2884 1401 2928 esum

299 2964 493 3038 suscitavit,
514 2963 649 3026 habitat
671 2964 707 3025 in
730 2964 841 3040 vobis,
864 2963 1053 3028 vivificabit
1080 2971 1116 3027 et
1139 2963 1298 3027 mortalia
1325 2982 1402 3027 cor-

300 3080 387 3144 pora
412 3068 530 3124 vestra
557 3081 618 3143 per
646 3061 895 3126 inhabitantem
919 3063 1076 3144 spiritum
1108 3061 1184 3145 ejus
1212 3063 1249 3125 in
1277 3062 1401 3127 vobis.2

300 3160 338 3224 Si
362 3159 492 3225 Christi
517 3159 750 3224 testimouium
776 3160 818 3224 de
844 3162 977 3226 unitate
1001 3160 1159 3224 essentiae
1185 3168 1221 3225 et
1242 3181 1405 3244 persona-

300 3279 376 3326 rum
392 3259 546 3323 trinitate
562 3259 746 3333 desideras,
769 3261 844 3342 ipse
866 3261 903 3323 in
925 3260 1105 3342 evaugelio
1129 3259 1223 3338 dicit,
1240 3266 1250 3294 ‘
1265 3261 1341 3343 Ego
1365 3269 1402 3325 et

301 3358 409 3422 Pater
427 3377 531 3422 unum
548 3360 691 3424 sumus.'
737 3359 896 3425 Christus
912 3359 1088 3442 discipulis
1103 3360 1175 3423 suis
1192 3359 1293 3434 dixit,
1313 3360 1403 3437 ‘Ite,

299 3459 475 3540 baptizate
506 3478 624 3523 omnes
649 3466 770 3540 gentes
802 3460 838 3523 in
862 3460 997 3523 nomine
1023 3457 1153 3535 Patris,
1183 3465 1218 3522 et
1243 3459 1335 3536 Filii,
1367 3467 1403 3523 et

300 3557 449 3639 Spiritus
476 3557 619 3622 Sancti?
671 3556 759 3621 Cum
785 3559 892 3640 igitur
915 3558 1017 3621 homo
1037 3557 1241 3639 perdidisset
1263 3564 1404 3640 propter

299 3655 565 3720 inobedientiam
596 3656 818 3739 paradysum,
852 3663 887 3720 et
915 3656 1099 3720 infernales
1138 3657 1294 3720 miserias
1326 3677 1402 3739 per-

300 3759 404 3836 petuo
428 3755 620 3829 meruisset,
641 3753 765 3818 missus
788 3761 841 3818 est
863 3774 886 3818 a
910 3754 1017 3819 Patre
1041 3755 1163 3833 Filius,
1190 3756 1401 3839 dignumque

300 3853 367 3916 fuit
394 3859 434 3916 ut
458 3853 651 3916 mitteretur
683 3852 792 3916 Filius
818 3860 854 3918 et
877 3873 946 3918 non
975 3854 1093 3919 Pater.
1146 3854 1233 3919 Cum
1262 3854 1350 3918 enim
1380 3875 1403 3919 a

302 3951 396 4014 nullo
412 3958 504 4015 esset
518 3950 637 4028 Pater,
657 3951 766 4015 Filius
788 3954 832 4016 ab
850 3953 979 4036 aliquo,
996 3953 1255 4020 convenientius
1271 3960 1346 4018 erat
1363 3962 1403 4019 ut

301 4050 444 4114 haberet
474 4050 510 4113 in
542 4057 695 4134 tempore
725 4060 881 4130 matrem,
910 4055 969 4135 qui
1000 4055 1044 4118 ab
1077 4060 1205 4117 aeterno
1234 4052 1403 4117 habuerat

301 4149 454 4214 Patrem.
507 4149 594 4214 Cum
621 4157 735 4214 autem
757 4153 924 4235 scriptum
945 4159 1037 4217 esset
1055 4152 1090 4214 in
1116 4153 1250 4234 psalmo
1274 4152 1403 4229 David,

301 4248 407 4312 ‘Non
424 4249 552 4329 estqui
572 4257 607 4312 te
624 4249 782 4328 redimat,
806 4258 945 4315 nonest
964 4251 1024 4333 qui
1042 4250 1178 4314 salvum
1197 4249 1313 4326 saciat,
1333 4270 1403 4314 non

299 4353 353 4411 est
376 4347 436 4429 qui
461 4345 566 4410 faciat
582 4349 722 4425 bonum,
750 4369 819 4414 uon
843 4358 1019 4433 estusque
1039 4349 1083 4412 ad
1098 4349 1228 4423 unum,’
1255 4368 1323 4412 non
1350 4356 1404 4414 est

300 4445 360 4526 qui
385 4445 443 4508 det
467 4444 696 4526 placationem
720 4468 784 4530 pro
810 4450 927 4512 anima
942 4467 1015 4525 sua,
1040 4468 1082 4511 ne
1106 4448 1187 4511 dum
1202 4467 1265 4530 pro
1288 4448 1404 4512 anima

300 4544 425 4619 aliena,
457 4544 581 4609 missus
612 4553 664 4609 est
693 4566 715 4609 a
747 4548 824 4611 Deo
856 4547 962 4611 Patre
994 4547 1113 4623 Filius,
1141 4554 1180 4611 ut
1207 4547 1310 4611 homo
1339 4566 1403 4628 pro
