3384 5625
297 771 362 835 186
453 840 458 850 ,
664 786 862 833 nncrronns
890 785 1024 834 viarm.

295 970 442 1045 ballivis,
467 977 502 1034 et
523 969 682 1033 omnibus
704 968 766 1032 bas
792 968 911 1032 literas
927 968 1065 1046 visuris,
1088 969 1247 1034 salutem.
1301 971 1400 1051 Quo·

297 1073 389 1135 niam
411 1071 501 1133 inter
522 1087 585 1132 nos
608 1076 643 1132 et
660 1068 875 1134 venerabiles
892 1076 1009 1150 patres
1027 1077 1164 1132 nostros
1181 1069 1398 1152 Stephanum

298 1170 597 1245 Cantuariensem,
622 1169 728 1231 totius
749 1167 890 1249 Angliae
921 1169 1103 1250 primatem
1126 1174 1162 1232 et
1187 1178 1318 1235 sanctae
1342 1192 1401 1236 ec·

296 1269 410 1334 clasiae
434 1268 601 1333 Romanae
630 1268 851 1341 cardinalem,
866 1266 1080 1331 Willelmum
1106 1266 1398 1349 Londoniensem,

296 1369 522 1433 Eustachium
555 1367 753 1449 Elyensem,
787 1366 966 1447 AEgidium
1000 1366 1303 1447 Herefordensem,
1332 1369 1357 1434 J
1360 1391 1398 1434 o·

295 1469 443 1533 hannem
469 1466 735 1531 Batbonieosem
759 1474 794 1529 et
817 1460 1112 1543 ¹Glastonensem,
1140 1476 1174 1532 et
1197 1467 1397 1533 Hubertum

296 1569 585 1643 Lincolniensem,
603 1567 796 1648 episcopos,
812 1585 916 1647 super
931 1567 1065 1629 damnis
1083 1574 1118 1631 et
1132 1567 1258 1632 ablatis
1276 1588 1395 1633 eorum

295 1676 448 1751 tempore
474 1666 658 1742 interdicti,
687 1686 749 1747 per
774 1664 841 1728 Dei
868 1666 1016 1747 gratiam
1038 1666 1081 1729 de
1108 1685 1204 1729 mera
1229 1675 1264 1731 et
1287 1668 1398 1733 libera

294 1769 473 1832 voluntate
495 1766 805 1847 utriusquepartis
828 1765 929 1846 plene
954 1765 1126 1842 convenit,
1150 1766 1308 1829 volumus
1325 1787 1396 1832 non

294 1869 404 1932 solum
431 1868 481 1930 eis
512 1871 680 1948 quantum
711 1863 899 1928 secuudum
933 1864 1046 1928 Deum
1074 1883 1258 1947 possumus
1290 1869 1396 1932 satis·
1459 1905 1465 1912 ·

294 1966 419 2043 facere,
436 1985 554 2030 verum
583 1964 686 2027 etiam
709 1964 774 2027 toti
802 1964 957 2028 ecclesiae
979 1963 1186 2046 Anglicanae
1212 1966 1396 2031 salubriter

295 2073 330 2131 et
347 2065 481 2130 utiliter
497 2066 533 2128 in
555 2050 759 2147 perpetuum
782 2063 972 2145 providere.
1026 2063 1113 2127 Inde
1130 2064 1291 2146 estquod
1309 2085 1396 2148 qua-

293 2167 485 2248 liscumque
515 2163 727 2228 consuetudo
758 2164 970 2244 temporibus
994 2164 1121 2227 nostris
1146 2171 1182 2228 et
1204 2163 1396 2247 praedeces·

294 2284 409 2329 sorum
436 2271 632 2328 nostrornm
655 2262 824 2326 hacteuus
847 2264 884 2325 in
910 2263 1056 2327 ecclesia
1074 2262 1271 2344 Anglicana
1290 2263 1396 2329 suerit

294 2366 491 2439 observata,
525 2370 561 2425 et
592 2361 759 2444 quidquid
786 2362 877 2444 juris
911 2362 1010 2425 nobis
1038 2362 1204 2427 hactenus
1233 2362 1396 2428 vendica·

294 2464 457 2539 verimus,
475 2462 518 2524 de
540 2467 666 2525 caetero
686 2461 722 2523 in
751 2461 921 2524 universis
946 2470 982 2526 et
1007 2462 1153 2543 singulis
1182 2462 1336 2526 ecclesiis
1360 2470 1396 2527 et

294 2562 511 2627 monasteriis
533 2559 789 2624 cathedralibus
808 2567 844 2623 et
863 2561 1148 2625 conventualibus
1172 2562 1278 2625 totins
1295 2562 1395 2644 regni

294 2662 434 2744 Angliae
467 2663 582 2725 liberae
613 2662 684 2725 sint
716 2660 753 2723 in
783 2667 986 2742 perpetuum
1017 2660 1202 2725 electiones
1231 2680 1396 2743 quorum·

294 2781 441 2845 cumque
462 2762 696 2845 praelatorum,
718 2759 888 2843 maj0rum
911 2767 946 2824 et
961 2760 1151 2841 minornm3
1175 2760 1274 2825 salva
1296 2762 1396 2825 nobis

295 2871 330 2926 et
347 2862 539 2926 haeredibus
555 2862 682 2924 nostris
705 2860 863 2924 custodia
886 2861 1158 2926 ecclesiarumet
1171 2861 1395 2925 monasterio·

294 2982 370 3024 rum
397 2962 605 3036 vacantium,
640 2978 717 3041 quae
757 2958 802 3021 ad
837 2977 902 3021 nos
933 2961 1092 3040 pertinet.
1155 2960 1395 3024 Promittimus

295 3061 411 3135 etiam,
438 3059 530 3142 quod
557 3076 619 3121 nec
638 3058 863 3140 impediemus
886 3078 948 3122 nec
972 3061 1136 3141 impedire
1157 3060 1396 3142 permittemus

294 3179 356 3241 per
388 3167 539 3235 nostros,
572 3177 636 3221 nec
668 3157 941 3239 procurabimus,
975 3160 1058 3241 quin
1091 3161 1125 3222 in
1157 3159 1325 3223 universis
1360 3168 1396 3223 et

294 3260 439 3340 singulis
471 3257 689 3321 monasteriis
721 3265 756 3322 et
783 3258 949 3335 ecclesiis,
977 3268 1161 3340 postquam
1195 3259 1396 3323 vacaverint

295 3360 502 3441 praelaturae,
530 3377 777 3441 quemcumque
794 3358 965 3421 voluerint
986 3357 1092 3422 libere
1114 3359 1179 3421 sibi
1206 3357 1396 3439 praeficient

294 3460 460 3523 electores
476 3467 671 3540 pastorem3
695 3457 805 3539 petita
822 3465 936 3520 tamen
954 3476 976 3520 a
998 3459 1097 3521 uobis
1119 3459 1214 3540 prius
1237 3465 1272 3521 et
1286 3457 1396 3521 haere·

294 3558 393 3622 dibus
424 3559 551 3624 nostris
577 3558 717 3621 licentia
742 3556 902 3637 eligendi,
931 3576 1035 3638 quam
1058 3577 1126 3621 non
1150 3557 1395 3637 denegabimus

294 3679 356 3721 nec
380 3659 583 3721 differemus.
636 3657 683 3719 Et
706 3656 736 3717 si
760 3656 848 3718 forte
875 3658 1010 3720 accidat
1030 3656 1122 3738 quod
1146 3658 1395 3736 denegaremus

294 3758 348 3820 vel
365 3757 588 3830 differremus,
612 3754 832 3817 nihilominus
856 3754 1044 3835 procedant
1062 3757 1228 3821 electores
1244 3755 1288 3818 ad
1306 3754 1396 3818 elec-

295 3857 422 3919 tionem
441 3855 641 3919 canonicam
658 3852 862 3916 faciendam.
915 3854 961 3917 Et
978 3855 1135 3920 similiter
1147 3862 1227 3938 post
1242 3854 1393 3918 celebra-

293 3965 363 4018 tam
390 3955 592 4018 electionem
623 3960 740 4016 noster
770 3953 965 4035 requiratur
992 3975 1166 4032 assensus
1194 3973 1296 4037 quem
1323 3973 1392 4017 non

293 4056 552 4137 denegabimus
575 4051 641 4116 nisi
657 4054 823 4117 adversus
845 4054 989 4118 eandem
1009 4055 1178 4118 rationale
1202 4073 1393 4136 proposue-

294 4157 400 4219 rimus
416 4164 451 4220 et
468 4155 621 4238 legitime
636 4155 908 4236 probaverimus,
924 4162 1065 4236 propter
1083 4154 1176 4235 quod
1199 4173 1269 4217 non
1291 4153 1394 4216 debe-

294 4276 369 4320 mus
400 4257 605 4320 consentire.
659 4254 776 4332 Quare
803 4253 964 4317 volumus
993 4261 1028 4316 et
1052 4254 1197 4317 firmiter
1217 4253 1393 4336 jubemus,

293 4374 336 4416 ne
353 4357 442 4437 quis,
460 4355 663 4419 vacantibus
682 4354 835 4418 ecclesiis
849 4353 904 4417 vel
925 4354 1155 4429 monasteriis
1168 4359 1288 4416 contra
1302 4353 1393 4414 hanc

618 4574 623 4603 ¹
636 4578 838 4640 Glostouearem]
857 4579 1026 4637 Welleosem3
1039 4580 1068 4626 C.
