3384 5625
292 786 359 851 224
617 870 623 881 Ι
666 800 865 850 uncrrcuns
888 799 1022 848 viarm.

345 984 441 1046 simae
459 982 618 1065 precibus
634 983 755 1047 uxoris
770 1003 843 1047 suae
866 983 951 1047 caelo
975 985 1144 1065 receptus.
1196 982 1286 1047 Post
1300 981 1401 1065 cujus

345 1084 477 1146 obitum
495 1089 617 1147 sancta
634 1083 814 1147 Elizabeth
832 1082 908 1166 jam
926 1083 1031 1147 vidua
1048 1084 1202 1148 habitum
1223 1082 1400 1164 religionis

347 1182 389 1245 de
404 1202 509 1245 manu
525 1183 684 1263 magistri
702 1182 856 1245 Cunradi
878 1183 942 1246 viri
962 1182 1171 1247 sanctissimi
1188 1182 1353 1264 suscepit,
1365 1188 1400 1245 et

347 1282 433 1346 adeo
458 1282 499 1345 de
519 1282 647 1346 virtute
673 1283 708 1345 in
729 1282 892 1346 virtutem
917 1283 1084 1358 ascendit,
1104 1289 1144 1346 ut
1165 1289 1245 1345 ante
1268 1287 1399 1362 etpost

348 1382 480 1444 obitum
508 1382 583 1463 ejus
610 1367 685 1445 tota
705 1379 913 1446 Alamannia
943 1383 1019 1465 ejus
1037 1380 1222 1446 virtutibus
1245 1387 1280 1445 et
1307 1381 1401 1444 fama

348 1480 589 1546 illustraretur.
642 1481 688 1543 Et
713 1481 890 1544 sciendum
920 1482 1012 1563 quod
1037 1481 1098 1544 illa
1124 1479 1304 1544 Elizabeth
1329 1480 1402 1543 filia

347 1580 412 1645 fuit
427 1580 520 1643 illius
536 1581 719 1661 reginae‘de
732 1600 803 1662 qua
819 1601 881 1663 per
897 1580 1137 1644 Innocentium
1155 1599 1281 1662 papam
1296 1581 1399 1643 inter·

348 1688 485 1762 pretata
507 1680 611 1743 estin
632 1681 754 1744 melius
777 1680 851 1744 haec
875 1681 1005 1744 locutio
1028 1680 1305 1763 amphibologica
1320 1698 1398 1742 cum

348 1780 390 1843 de
405 1780 577 1844 communi
597 1799 765 1843 consensu
785 1788 1007 1843 accusaretur
1029 1781 1181 1863 quidam,
1198 1785 1208 1814 ‘
1225 1780 1397 1861 Reginam

348 1879 538 1943 interficere
561 1879 679 1955 nolite,
702 1880 821 1943 timere
840 1882 968 1943 bonum
988 1887 1063 1957 est3
1087 1879 1153 1943 etsi
1174 1898 1293 1943 omncs
1317 1896 1400 1941 cun·

348 1979 529 2053 senserint,
558 1998 623 2059 ego
654 1998 743 2057 n0n3
775 1978 995 2043 contradico.’
1047 1978 1092 2041 In
1123 1998 1193 2061 qua
1224 1977 1400 2042 locutione

348 2076 422 2141 haec
453 2078 519 2141 fuit
551 2078 745 2141 accusantis
782 2078 939 2154 intentio,
969 2077 1172 2158 ‘Reginam
1207 2076 1400 2140 interlicere

348 2177 455 2241 nolite
472 2178 612 2252 timere3
637 2177 762 2241 bonum
781 2184 858 2256 est3
884 2185 930 2254 et,
949 2176 979 2239 si
998 2194 1116 2241 omncs
1141 2176 1400 2255 consentierint,

348 2296 414 2357 ego
438 2295 506 2340 non
531 2277 753 2340 contradicc.’
805 2277 852 2340 Et
869 2276 918 2339 sic
940 2296 1003 2358 per
1023 2276 1211 2360 propitium
1233 2276 1401 2358 interpre-

348 2381 417 2437 tem
442 2375 967 2439 intervenientibusmuneribus
994 2375 1159 2439 liberatus
1180 2381 1234 2439 est
1259 2393 1399 2438 accusa-

349 2473 427 2537 tus’

296 2615 352 2651 PAG.
389 2615 440 2651 UN-

298 2678 350 2754 56,
390 2680 441 2754 29,
453 2685 578 2761 potarat
697 2677 864 2759 permisit.

297 2797 349 2877 57,
409 2798 438 2876 7,
456 2801 593 2885 ccycriu
697 2803 869 2885 angustia.

298 2927 349 2999 59,
389 2928 440 2999 18,
458 2926 568 2986 circlos
697 2928 803 2991 vivos

298 3048 350 3121 60,
389 3048 440 3119 30,
446 3045 526 3125 fidei
540 3045 647 3108 Trici·
698 3049 777 3112 fidei
810 3049 1018 3114 Christianae
1057 3056 1091 3112 et
1123 3059 1253 3113 sanctae
1288 3048 1402 3113 Trini-

460 3145 534 3206 tatis
719 3150 811 3212 tatis,

299 3268 351 3341 61,
412 3270 442 3341 8,
460 3266 582 3341 06366,
602 3276 637 3329 ul
698 3272 850 3350 Geshen,
868 3280 906 3337 ut
922 3279 1133 3337 convertere.

463 3366 607 3448 conjicere

299 3492 349 3564 62,
389 3492 440 3565 23,
460 3489 648 3572 racctriccit
696 3488 789 3553 addit
818 3490 943 3567 Paris,
964 3490 1060 3554 Obiit
1080 3497 1197 3555 autem
1221 3488 1286 3553 hoc
1306 3508 1399 3553 anno

720 3587 829 3669 Hugo
847 3590 890 3652 de
909 3590 1106 3673 Mancport,
1127 3590 1310 3672 episcopus
1327 3588 1400 3652 He-

719 3687 938 3765 resordensis,
959 3690 1051 3752 circa
1074 3688 1223 3766 Pascha,
1246 3690 1302 3752 cui
1322 3707 1401 3751 suc·

720 3787 824 3850 cessit
850 3786 959 3867 Hugo
981 3788 1096 3852 Folict
1119 3797 1154 3852 et
1179 3795 1402 3853 consecratur

720 3882 919 3948 Cantuariae
932 3886 968 3949 in
980 3887 1068 3951 festo
1083 3887 1245 3951 Omnium
1258 3887 1399 3950 Sancte

720 4003 806 4046 rum.

300 4109 353 4182 63,
391 4110 443 4185 28,
462 4108 603 4172 Camac-
698 4108 1056 4173 westmonasterium.

465 4230 549 4271 ccam

297 4371 348 4382 -
392 4333 444 4406 29,
461 4331 594 4414 academ
699 4330 953 4412 Cantuariensi.

462 4430 586 4495 ciuitati

299 4551 351 4630 64,
412 4550 440 4630 7,
457 4575 587 4618 sororem
697 4551 720 4613 J
723 4550 893 4616 channam
912 4571 1074 4615 sororem.
