3384 5625
372 787 436 848 150
746 799 946 847 nuorrouus
969 800 1101 848 vanrn.

423 982 515 1064 regis
537 979 647 1044 nostri
670 979 838 1044 Richardi
856 982 931 1063 jam
955 981 1119 1058 defuncti,
1135 983 1194 1066 qui
1211 980 1347 1046 haerede
1364 981 1477 1047 caruit

424 1084 468 1145 ab
483 1102 524 1145 eo
540 1080 748 1163 egrediente,
764 1080 823 1163 qui
837 1079 1002 1162 providus
1017 1088 1052 1144 et
1069 1088 1231 1145 strenuus
1246 1089 1282 1145 et
1295 1081 1478 1146 manifeste

424 1181 561 1257 nobiliS,
592 1199 694 1261 quem
726 1199 802 1256 noS,
833 1180 995 1243 invocata
1019 1179 1170 1262 Spiritus
1205 1181 1323 1245 Sancti
1352 1183 1479 1263 gratia,

424 1281 557 1343 ratione
581 1287 652 1343 tam
682 1278 882 1341 meritorum
909 1298 1012 1362 quam
1036 1281 1215 1362 sanguinis
1239 1280 1326 1361 regii
1357 1283 1479 1345 unani-

424 1380 526 1442 miter
545 1379 712 1459 elegimus
736 1378 911 1442 universi.'
963 1378 1050 1442 Erat
1067 1388 1182 1443 autem
1199 1379 1478 1463 archiepiscopus

424 1479 477 1541 vir
498 1477 660 1559 profundi
683 1478 844 1559 pectoris,
865 1485 901 1541 et
923 1477 959 1540 in
979 1497 1085 1559 regno
1105 1479 1291 1560 singularis
1316 1480 1480 1544 columna

424 1578 624 1642 stabilitatis
638 1583 673 1639 et
682 1577 863 1658 sapientiae
880 1576 1168 1659 incomparabilis.
1202 1578 1277 1642 Nec
1289 1579 1366 1641 ausi
1378 1587 1478 1644 erant

425 1678 484 1741 alii
501 1697 604 1759 super
618 1676 670 1738 his
684 1673 796 1738 adhuc
813 1676 999 1758 ambigere,
1013 1678 1160 1741 scientes
1179 1677 1268 1760 quod
1286 1678 1361 1741 sine
1372 1697 1479 1743 causa

425 1777 489 1840 hoc
512 1796 580 1840 non
603 1776 653 1839 sio
672 1774 889 1838 diffiniverat,
942 1775 1073 1840 Verum
1095 1796 1209 1840 comes
1235 1776 1415 1841 lohannes
1442 1786 1478 1843 et

425 1895 544 1940 omnes
566 1876 631 1939 hoc
655 1876 896 1956 acceptabant,
917 1875 1098 1958 ipsumque
1117 1875 1276 1940 comitem
1298 1877 1335 1940 in
1362 1897 1477 1958 regem

425 1975 592 2056 eligentes
621 1982 657 2037 et
685 1981 900 2037 assumentes
929 1974 1126 2039 exclamant
1153 1975 1316 2053 dicenteS,
1346 1976 1479 2041 ‘Vivat

426 2094 489 2138 rex
504 2075 524 2139 l'
577 2073 818 2153 Interrogatus
834 2080 950 2137 autem
968 2081 1090 2156 postea
1104 2074 1381 2158 archiepiscopus
1397 2075 1477 2141 Hu-

426 2176 543 2237 bertus
562 2192 669 2256 quare
681 2174 756 2235 haec
768 2172 924 2249 dixisset,
941 2174 1120 2256 respoudit
1136 2194 1173 2237 se
1187 2194 1346 2256 praesaga
1362 2184 1478 2241 mente

425 2273 673 2356 conjecturare,
701 2279 736 2335 et
756 2271 961 2352 quibusdam
986 2274 1134 2336 oraculis
1159 2272 1317 2338 edoctum
1344 2281 1380 2337 et
1407 2296 1478 2340 cer-

426 2371 592 2435 tificatum
609 2370 727 2447 fuisso,
751 2369 844 2453 quod
869 2372 943 2451 ipse
963 2372 986 2435 J
989 2372 1143 2436 ohannes
1165 2392 1308 2454 regnum
1330 2381 1367 2437 et
1380 2393 1477 2440 coro-
1549 2449 1552 2456 Δ

425 2490 503 2534 nam
521 2469 658 2551 Angliae
672 2468 761 2533 foret
774 2469 960 2553 aliquando
977 2480 1201 2555 corrupturus
1217 2481 1252 2537 et
1264 2474 1301 2537 iu
1315 2493 1476 2556 magnam

425 2570 659 2634 confusionem
678 2570 977 2652 praecipitaturus3
1001 2579 1036 2635 et
1052 2592 1095 2635 ne
1113 2571 1254 2636 haberet
1271 2572 1397 2636 liberas
1414 2574 1476 2639 ha-

425 2673 531 2735 henas
549 2671 614 2733 hoc
638 2668 798 2745 faciendi,
823 2670 935 2751 ipsum
965 2671 1143 2747 electione,
1166 2692 1236 2735 non
1262 2674 1478 2739 successione

425 2770 654 2845 haereditaria,
674 2769 755 2851 eligi
778 2770 902 2834 debere
923 2769 1127 2837 affirmabat.
1174 2769 1477 2858 ¹Archiepiscopus

384 2884 386 2888 ‘
425 2880 554 2936 autem.

385 3012 442 3048 Pae.
466 3011 519 3046 Llll.

375 3075 451 3149 139,
468 3069 522 3146 27,
540 3078 620 3134 secto
773 3071 944 3152 septim03
966 3072 1016 3138 Oe.
1028 3074 1110 3137 atu.

374 3196 517 3272 11215,
536 3193 686 3279 Philippi
772 3193 861 3258 deest.

375 3315 448 3395 147,
467 3321 519 3393 23,
525 3339 725 3402 permensum
774 3318 877 3381 bello.

375 3445 450 3518 148,
471 3446 521 3519 14,
537 3443 692 3507 Moechiae
774 3442 868 3506 addit
890 3442 1015 3519 Paris,
1039 3451 1074 3507 et
1102 3443 1288 3509 Dominioa
1315 3446 1477 3528 proxima

798 3550 880 3606 ante
907 3541 1033 3606 festum
1059 3544 1170 3607 sancti
1195 3545 1356 3627 Dionysii
1384 3547 1477 3629 apud

798 3641 1147 3705 westmonasterium
1185 3652 1407 3709 consecratur
1442 3645 1479 3709 in

798 3737 966 3818 reginam.

376 3861 451 3935 151,
490 3857 725 3936 5,etoerla...
775 3860 894 3926 desem.

512 3958 727 4022 intellectam

373 4126 425 4136 -
468 4084 521 4160 29,
539 4083 660 4147 restitui
775 4081 866 4147 deest.

378 4207 451 4282 156,
470 4208 521 4281 34,
536 4208 615 4270 sicot
775 4207 865 4270 deest.

410 4361 626 4425 lsrcniepiscopua
635 4365 737 4427 autem]
756 4365 849 4413 Onthe
858 4367 913 4415 side
939 4371 1000 4426 ters,
1017 4366 1112 4428 ‘Cave‚
1136 4370 1199 4429 quia
1222 4370 1401 4418 offendiculum
1427 4368 1484 4422 est?

375 4434 404 4482 of
417 4433 468 4480 this
486 4433 671 4494 interpolation,
688 4433 774 4482 which
791 4435 869 4497 itsels‚
884 4451 913 4484 as
939 4437 1015 4485 Carte
1030 4438 1116 4486 would
1136 4437 1200 4486 bave
1221 4439 1284 4488 been
1300 4440 1359 4489 well
1376 4441 1484 4502 pleased

374 4504 462 4564 usual,
473 4503 495 4550 is
509 4503 536 4550 iu
547 4501 589 4550 the
598 4502 631 4551 B.
643 4503 700 4552 MS.
712 4505 812 4552 written
825 4519 858 4553 on
872 4505 913 4554 the
938 4511 964 4555 to
975 4506 1039 4554 have
1051 4521 1111 4556 seen
1122 4507 1182 4558 this.

375 4573 482 4635 margin,
496 4572 571 4620 Paris
587 4571 633 4621 has
648 4573 748 4621 written
762 4574 789 4621 iu
806 4575 849 4622 red
868 4575 914 4622 let·
