3384 5625
670 784 870 833 LEGTIONES
893 783 1023 831 VARIAE.
1335 773 1400 837 277

348 969 496 1043 domino,
520 969 570 1032 ita
592 975 631 1030 ut
653 966 838 1048 aliquando
859 986 966 1049 equos
988 967 1164 1031 comedere
1190 970 1399 1049 cogebatur3

347 1070 396 1132 ita
419 1069 521 1132 etiam
542 1066 634 1150 quod
656 1066 773 1129 hostes
792 1066 901 1128 nostri
916 1068 1145 1131 constantiam
1164 1069 1198 1130 in
1221 1087 1262 1132 eo
1278 1069 1397 1135 lauda-

347 1176 471 1231 verunt
485 1167 690 1244 mirabilem3
714 1166 774 1247 qui
789 1166 888 1228 nobis
903 1165 1089 1243 Doveram,
1101 1167 1232 1231 clavem
1246 1167 1395 1251 Angliae,

348 1276 468 1332 contra
488 1287 602 1349 regem
632 1265 758 1329 Galliae
786 1272 821 1329 et
848 1284 946 1328 suam
973 1268 1181 1347 exquisitam
1207 1270 1397 1349 potentiam
1498 1340 1505 1350 ,

348 1388 410 1449 per
431 1375 567 1449 tempus
589 1366 787 1429 diuturnum
810 1367 1050 1445 conservavit3
1074 1367 1134 1448 qui
1156 1368 1192 1429 in
1213 1369 1298 1430 mari
1320 1389 1398 1451 pro-

346 1467 529 1531 sternendo
543 1465 698 1529 inimicos
716 1471 880 1546 operatus
902 1473 956 1528 est
974 1466 1149 1529 salutem?
1202 1466 1296 1545 Quid
1314 1468 1396 1532 Lin-

349 1567 482 1643 colniae,
507 1566 588 1649 quid
615 1564 830 1628 Bedefordiae
857 1571 957 1644 gesta
978 1564 1053 1648 ejus
1074 1565 1204 1647 optima
1227 1568 1395 1633 referam?

349 1666 490 1731 Judicet
514 1666 610 1730 Deus
634 1664 857 1745 interipsum
883 1673 919 1728 et
936 1684 1010 1738 voS,
1034 1666 1117 1747 quia
1137 1666 1266 1749 injuste
1288 1676 1323 1731 et
1343 1669 1395 1732 in-

348 1766 496 1830 humane
518 1786 595 1830 eum
616 1765 795 1842 tractatis3
829 1764 921 1827 maia
941 1784 1003 1846 pro
1023 1765 1133 1842 bonis,
1156 1766 1225 1828 imo
1247 1768 1397 1847 pessima

348 1885 410 1949 pro
432 1866 583 1948 optimis,
603 1864 863 1946 impendentes!
915 1864 1096 1928 Hubertus
1113 1872 1241 1942 autem,
1264 1866 1317 1929 his
1335 1887 1396 1931 au-

349 1966 442 2043 ditis,
465 1966 591 2030 tacitus
611 1965 646 2027 in
668 1963 770 2028 corde
788 1964 1029 2028 considerabat
1045 1964 1128 2027 illud
1148 1966 1396 2047 evangelicum,

349 2065 545 2130 ‘Confiteor
566 2064 639 2140 tibi,
669 2062 774 2127 Pater
795 2064 871 2127 caeli
891 2072 927 2127 et
947 2071 1060 2139 terrac,
1086 2064 1168 2147 quia
1189 2067 1397 2132 abscondisti

348 2186 488 2230 causam
507 2184 616 2229 meam
639 2182 661 2225 a
679 2163 905 2245 prudentibus
930 2172 965 2227 et
987 2165 1155 2245 superbis,
1179 2173 1214 2229 et
1236 2167 1398 2231 revelasti

347 2266 554 2349 pauperibus
571 2279 605 2328 et
622 2263 829 2342 humilibus;
853 2263 916 2326 tibi
940 2264 1091 2327 revelavi
1113 2283 1250 2327 causam
1273 2286 1396 2342 meam,

347 2365 443 2429 Deus
467 2385 574 2429 meus.
627 2363 895 2427 Insurrexerunt
911 2363 1000 2426 enim
1019 2364 1054 2426 in
1077 2383 1130 2426 mc
1153 2371 1259 2428 testes
1274 2367 1396 2449 iniqui,

347 2474 382 2529 et
404 2465 548 2529 mentita
569 2471 622 2528 est
642 2462 806 2545 iniquitas
828 2464 918 2527 sibi.’
971 2463 1179 2527 Godefridus
1203 2465 1245 2527 de
1267 2464 1397 2529 Graue-

347 2567 467 2629 cumbe
489 2572 603 2628 autem
621 2571 657 2626 et
674 2564 740 2639 sui,
761 2570 797 2626 et
818 2564 877 2643 qui
901 2583 978 2626 cum
997 2582 1038 2626 eo
1063 2570 1174 2639 crant,
1191 2566 1395 2628 sermocina-

347 2666 457 2730 tiones
473 2665 536 2728 has
553 2662 851 2747 parvipendentes
873 2662 1076 2744 praedictum
1098 2661 1294 2726 Hubertum
1316 2684 1396 2747 rap-

347 2772 460 2829 tantes
475 2765 558 2828 loris
575 2762 810 2828 constrictum.

305 2891 360 2926 Pro.
389 2891 441 2927 uu.

296 2954 371 3030 251,
389 2950 441 3030 27,
458 2953 607 3037 armali-
690 2947 782 3012 addit
799 2947 926 3026 Paris,
953 2969 1056 3031 super
1079 2967 1217 3030 equum,
1240 2950 1394 3032 inquam,

460 3063 523 3116 twm
714 3049 968 3131 despicabilem,
1000 3049 1143 3131 pedibus
1176 3051 1241 3113 sub
1274 3058 1394 3115 ventre

661 3141 663 3146 ¹
714 3149 948 3231 cquivinctis.

292 3315 342 3323 —
387 3280 439 3355 29,
456 3286 589 3341 stratum
690 3272 817 3336 statim.

295 3402 368 3477 252,
407 3403 437 3476 4,
454 3400 561 3482 ey'octas
690 3400 821 3483 ejectus
837 3406 872 3462 et
888 3405 1076 3462 extractus.

292 3562 342 3570 -
387 3527 438 3600 23,
455 3523 587 3587 Domino
691 3524 768 3588 Deo
785 3531 995 3586 secretorum
1013 3523 1164 3586 conscio.

294 3689 343 3700 -
388 3646 440 3723 27,
457 3647 585 3711 salutem
690 3647 781 3711 addit
805 3647 929 3724 Paris,
954 3655 989 3710 et
1008 3647 1043 3709 in
1067 3645 1232 3728 praedicta
1258 3646 1391 3728 capella
1436 3670 1441 3679 ·

712 3748 766 3811 die
793 3767 833 3810 ac
860 3754 960 3810 nocte
989 3747 1146 3828 precibus
1171 3746 1391 3809 incumbebat

711 3847 913 3911 indefessus.

293 3973 366 4047 253,
384 3973 437 4046 15,
451 3968 608 4054 objurodit
689 3970 781 4034 addit
798 3970 924 4046 Paris„
943 3969 1071 4032 Eodem
1090 3976 1242 4050 tempore
1259 3969 1390 4031 Ranul·

712 4069 812 4151 phuS,
833 4087 948 4131 comcs
969 4066 1112 4130 Cestriae
1136 4074 1172 4129 et
1189 4066 1390 4143 Lincolniae,

712 4167 804 4250 apud
821 4165 1057 4246 Walingeford
1078 4165 1166 4228 diem
1189 4165 1314 4228 clausit
1330 4185 1392 4228 ex-

711 4275 870 4342 tremum,
897 4266 1017 4348 quinto
1047 4264 1208 4329 calendas
1236 4263 1389 4327 Novem·

711 4368 798 4445 bris;
821 4365 920 4448 cujus
932 4384 1056 4446 corpus
1068 4364 1220 4427 delatum
1232 4371 1286 4427 est
1297 4365 1388 4446 apud

713 4465 881 4530 Cestriam
895 4463 1144 4539 tumulandum,
1157 4463 1288 4527 viscera
1298 4463 1388 4545 apud

712 4563 1233 4647 Walingesordtumulabantur.
1269 4562 1389 4625 Decu-
