3384 5625
343 765 409 829 262
714 780 914 829 nncvrorvns
938 782 1071 830 viarm.

347 969 556 1026 armatorum
586 962 842 1026 multitudinem
872 962 1059 1026 adduxisse
1085 962 1176 1043 quod
1206 963 1322 1044 aliquo
1348 961 1453 1026 modo

347 1068 488 1144 possent
504 1061 725 1143 pereundam
740 1062 964 1143 praegravari.
1002 1061 1155 1137 Interea,
1168 1061 1348 1125 occasione
1362 1081 1452 1143 prae-

348 1160 525 1223 muniendi
542 1159 565 1223 J
568 1180 693 1242 oppen,
709 1160 752 1223 ad
769 1168 886 1242 partes
900 1160 980 1223 illas
998 1160 1184 1224 declinavit
1200 1179 1278 1224 cum
1293 1160 1452 1224 exercitu

349 1259 559 1336 Christiano,
575 1267 615 1322 ut
629 1260 740 1341 magis
764 1260 1058 1341 appropinquaret
1075 1258 1238 1335 Soldano,
1256 1268 1292 1323 et
1310 1266 1350 1323 ut
1366 1259 1454 1323 faci·

348 1358 415 1422 lius
433 1365 575 1440 possent
594 1354 737 1443 [nuntii]
757 1358 947 1422 discurrere
962 1378 1025 1441 pro
1041 1377 1126 1441 pace
1140 1358 1196 1422 vel
1216 1365 1341 1440 treuga
1360 1359 1452 1422 obti-

349 1457 473 1522 nenda.
515 1456 608 1535 Quid
619 1457 739 1539 plural
776 1456 864 1521 Post
874 1456 1016 1538 longum
1029 1465 1063 1521 et
1075 1458 1238 1522 latentem
1250 1464 1452 1534 tractatum,

349 1556 477 1621 nullius
500 1556 542 1619 de
564 1562 657 1619 terra
678 1557 821 1621 consilio
843 1558 1021 1638 requisito,
1044 1556 1282 1638 pronuntiavit
1301 1555 1451 1638 quadam

351 1654 405 1719 die
418 1656 533 1719 subito
545 1654 636 1737 quod
652 1675 772 1736 pacem
786 1654 914 1719 lecerat
925 1675 1002 1719 cum
1013 1655 1179 1737 Soldan03
1198 1655 1344 1719 formam
1355 1656 1452 1737 pacis

350 1754 405 1818 vel
431 1762 563 1836 treugae
590 1754 704 1817 nullus
731 1754 829 1831 vidit,
858 1755 996 1836 quando
1027 1754 1070 1819 de
1099 1754 1279 1819 servandis
1300 1773 1451 1819 conven-

351 1854 502 1917 tionibus
516 1854 605 1917 idem
618 1854 806 1936 imperator
827 1854 991 1935 praestitit
1005 1861 1268 1918 sacramentum.
1309 1853 1454 1931 Quanta

352 1960 467 2016 autem
490 1952 593 2016 luerit
614 1954 758 2029 malitia,
781 1972 884 2036 quam
902 1952 1141 2017 fraudulentus
1164 1959 1346 2029 tractatus,
1364 1972 1451 2034 quo-

352 2052 497 2116 rundam
513 2052 742 2133 capitulorum
760 2058 890 2128 tenore,
912 2071 991 2133 quae
1014 2053 1113 2116 vobis
1135 2052 1172 2115 in
1190 2052 1329 2133 scriptis
1347 2051 1451 2115 duxi-

353 2170 429 2213 mus
447 2152 724 2227 transmittenda,
745 2170 954 2233 cognoscere
970 2151 1127 2233 poteritis
1142 2150 1318 2214 evidenter
1332 2169 1341 2229 3
1368 2151 1452 2232 quia

352 2250 550 2331 imperator,
563 2250 607 2313 ad
625 2250 911 2331 magnificandam
926 2269 1045 2315 vocem
1059 2269 1170 2327 suam,
1183 2268 1305 2314 vocem
1318 2256 1452 2313 tantum

354 2348 479 2410 babere
496 2349 617 2424 voluit,
641 2356 676 2412 et
692 2368 810 2412 vocem
827 2349 977 2412 obtinuit
991 2368 1012 2412 a
1029 2349 1191 2413 Soldano.
1242 2348 1345 2412 Dixit
1360 2349 1452 2412 enim

353 2447 444 2509 inter
459 2453 595 2523 caetera,
619 2446 710 2528 quod
730 2448 797 2510 sibi
819 2456 895 2512 erat
910 2456 1031 2511 sancta
1053 2448 1176 2512 civitas
1200 2447 1384 2526 restituta3
1407 2448 1451 2511 ad

353 2564 458 2629 quam
474 2564 551 2608 cum
563 2547 598 2609 in
612 2546 732 2627 vigilia
749 2547 954 2622 Dominicae,
968 2565 1038 2628 qua
1053 2554 1215 2611 cantatur
1227 2546 1348 2611 ‘Oculi
1362 2546 1454 2623 mei,'

354 2665 432 2709 cum
454 2646 609 2709 exercitu
630 2644 828 2710 Christiano
843 2647 988 2723 veniret,
1014 2646 1069 2710 die
1092 2646 1250 2728 sequenti
1271 2644 1455 2718 Dominica

354 2745 440 2808 satis
458 2745 653 2808 inordinate
676 2746 831 2828 satisque
855 2745 995 2809 confuse
1010 2745 1327 2809 excommunicatus
1347 2745 1383 2808 in
1397 2764 1454 2821 ec·

354 2845 460 2908 clesia
490 2845 663 2908 Dominici
695 2845 877 2927 sepulchri,
911 2846 948 2908 in
975 2844 1211 2928 praejudicium
1243 2844 1383 2909 honoris
1413 2863 1454 2909 ac

354 2943 569 3007 excellentiae
597 2944 783 3025 imperialis
809 2943 1041 3021 manifestum,
1065 2963 1129 3007 suo
1157 2944 1264 3026 capiti
1290 2944 1455 3026 imposuit

354 3042 523 3118 diadema,
544 3041 724 3104 Saracenis
747 3042 912 3124 templum
938 3042 1077 3107 Domini
1100 3062 1141 3106 ac
1166 3042 1333 3124 templum
1357 3041 1455 3107 Salo-

355 3141 467 3204 monis
495 3141 530 3202 in
558 3159 663 3203 manu
685 3158 749 3203 sua
774 3141 1000 3204 retinentibus
1028 3161 1069 3205 ac
1102 3142 1215 3220 legem
1242 3141 1456 3205 Machameti

356 3239 503 3320 publice,
535 3239 626 3302 sicut
652 3239 759 3321 prius,
785 3241 1089 3323 proclamantibus,
1115 3261 1184 3305 non
1207 3240 1281 3304 sine
1306 3240 1455 3323 peregri·

356 3357 478 3401 norum
500 3338 699 3402 confusione
720 3340 874 3402 maxima
896 3347 932 3403 et
946 3338 1075 3403 dolore.
1127 3340 1225 3403 Idem
1246 3358 1329 3403 vero
1351 3339 1456 3421 impe·

355 3444 462 3513 rator,
479 3457 557 3500 cum
583 3457 620 3501 se
645 3437 859 3501 firmaturum
888 3439 1064 3502 civitatem
1092 3447 1196 3503 antea
1221 3437 1457 3520 multipliciter

355 3537 583 3618 promisisset,
602 3537 761 3617 sequenti
786 3537 842 3600 die
865 3536 974 3600 Lunae
999 3556 1134 3601 summo
1153 3536 1303 3601 diluculo
1325 3537 1456 3618 primus

356 3635 532 3699 civitatem
556 3635 674 3708 exivit,
699 3636 836 3698 nemine
858 3636 1033 3714 salutatoj
1060 3637 1127 3699 sibi
1139 3635 1304 3699 fratribus
1319 3634 1457 3716 Templi

357 3740 392 3796 et
424 3733 622 3814 Hospitalis
654 3734 944 3813 praesentantibus
980 3735 1178 3799 solemniter
1209 3741 1244 3797 et
1274 3733 1457 3809 instanter,

358 3830 450 3910 quod
476 3831 507 3892 si
532 3829 635 3910 vellet
650 3829 799 3906 firmare,
826 3831 917 3894 sicut
942 3834 1158 3913 promiserat,
1181 3832 1369 3908 civitatem,
1391 3832 1458 3913 ipsi

358 3929 390 3991 ei
415 3935 583 4010 quantum
604 3935 746 4010 possent
767 3928 948 3992 consilium
975 3939 1010 3995 ct
1025 3932 1195 3996 auxilium
1215 3930 1259 3993 ad
1280 3930 1315 3993 id
1332 3930 1458 3994 sacien-

358 4027 437 4089 dum
455 4035 705 4109 compararent.
757 4027 825 4091 Sed
844 4030 931 4110 ipse,
957 4031 1017 4112 qui
1034 4030 1077 4093 de
1094 4028 1298 4110 corrigendo
1319 4027 1458 4109 negotio

358 4146 427 4189 non
443 4128 598 4203 curabat,
615 4125 737 4190 videns
753 4126 845 4209 quod
866 4126 996 4192 sactum
1021 4127 1106 4192 illud
1131 4128 1259 4190 nullius
1283 4126 1458 4190 firmitatis

357 4225 462 4287 robur
489 4225 671 4300 obtineret,
696 4244 759 4289 nec
784 4225 920 4302 civitas,
944 4228 1034 4291 sicut
1056 4227 1218 4289 restituta
1239 4235 1326 4302 erat,
1350 4225 1459 4290 teneri

358 4329 494 4403 poterat
514 4341 576 4385 nec
603 4321 742 4399 firmari,
766 4324 980 4389 solummodo
1010 4344 1095 4390 voce
1122 4325 1351 4389 restitutionis
1378 4343 1460 4388 con-

358 4425 475 4482 tentus
489 4420 567 4501 ipsa
581 4419 636 4482 die
651 4439 771 4484 versus
786 4421 809 4485 J
812 4441 926 4504 oppen
941 4443 1018 4487 cum
1036 4443 1101 4486 sua
1114 4423 1247 4486 familia
1261 4422 1458 4502 festinavit;

357 4517 448 4598 quod
476 4536 554 4580 cum
580 4517 734 4583 viderent
754 4522 937 4601 peregrini,
956 4523 1015 4604 qui
1038 4541 1114 4584 cum
1142 4522 1218 4603 ipso
1243 4522 1460 4586 intraverant
