3384 5625
663 780 864 827 nnoriouas
891 766 1025 829 vnaln.
1167 822 1180 833 .
1334 767 1399 833 137

340 971 393 1026 est
409 963 477 1026 illis
492 962 527 1025 in
545 962 726 1040 auxilium,
743 963 825 1027 licet
842 984 910 1028 non
923 963 1077 1045 indigere
1094 964 1293 1028 viderentur
1308 966 1396 1028 mili-

340 1065 390 1126 tia
416 1072 451 1126 et
477 1082 583 1125 manu
612 1062 764 1144 pedestri
793 1064 953 1126 ordinata
978 1073 1013 1127 et
1046 1064 1132 1127 bene
1162 1073 1320 1139 armata3
1349 1074 1396 1142 et,

339 1162 432 1227 facto
448 1163 579 1244 impetu
602 1162 856 1239 cruentissimo,
881 1163 1079 1226 ceciderunt
1097 1163 1196 1227 multi
1219 1165 1394 1244 utrinque.

341 1261 383 1324 In
402 1281 470 1344 quo
486 1262 625 1324 tandem
642 1262 829 1325 certamine
852 1262 977 1325 Franci
1004 1263 1174 1326 calculum
1192 1264 1394 1327 deteriorem

339 1368 580 1443 reportarunt3
606 1362 699 1442 capti
714 1368 796 1424 sunt
810 1361 900 1424 enim
919 1362 1072 1425 universi
1087 1362 1284 1440 nobilioreS,
1300 1373 1335 1427 et
1350 1384 1394 1427 ex

271 1462 277 1474 '
340 1462 488 1524 catervis
511 1460 728 1541 pedestribus
750 1479 830 1542 pars
854 1462 1006 1524 maxima
1025 1470 1079 1525 est
1093 1462 1298 1539 interfecta3
1322 1465 1398 1545 qui·

325 1560 419 1623 ‘dam
436 1560 590 1642 spiculis,
605 1559 744 1642 quidam
762 1559 890 1623 lanceis
908 1560 1080 1625 vulnerati
1097 1562 1152 1624 vel
1168 1562 1304 1643 gladiis,
1324 1564 1396 1644 qui-

341 1660 420 1722 dam
455 1667 570 1722 autem
603 1660 738 1740 equinis
770 1660 914 1741 pedibus
957 1660 1162 1724 interierunt
1191 1662 1395 1726 conculcati.

342 1757 447 1840 Capti
477 1766 558 1822 sunt
581 1767 697 1822 autem
719 1760 755 1821 in
782 1758 843 1822 illo
870 1758 1031 1822 conflictu
1054 1779 1076 1823 a
1101 1759 1295 1823 Markadeo
1325 1763 1397 1843 epi-

341 1877 466 1939 scopus
484 1857 708 1921 Belvacensis
734 1864 770 1921 et
792 1857 868 1941 ejus
889 1858 1163 1933 archidiaconus,
1187 1866 1223 1923 et
1245 1869 1396 1925 armatos

342 1958 565 2038 praesentarit
588 1977 648 2020 eos
671 1958 762 2019 idem
791 1957 1004 2021 Markadeus
1030 1958 1158 2034 diceus,
1175 1958 1283 2041 ‘Cepi
1301 1968 1335 2023 et
1352 1962 1396 2026 do

342 2057 416 2131 tibi,
436 2056 466 2119 0
485 2076 559 2133 rex,
580 2064 755 2120 cantorem
777 2064 811 2120 et
831 2076 1095 2139 responsorem
1124 2078 1252 2140 repone
1278 2079 1337 2123 eos
1362 2068 1398 2124 et

342 2175 521 2233 conserva,
539 2156 569 2219 si
586 2156 676 2219 scis’
711 2156 883 2220 Dominus
901 2164 1015 2220 autem
1030 2176 1134 2239 papa,
1150 2158 1205 2221 cui
1219 2160 1398 2240 proposita

343 2255 409 2318 suit
443 2274 548 2337 super
579 2256 654 2318 haec
685 2276 746 2337 per
773 2256 964 2338 capitulum
998 2256 1245 2322 Belvacensem
1278 2260 1396 2340 gravis

342 2355 567 2436 querimonia,
601 2355 827 2419 amicabiliter
856 2356 993 2438 scripsit
1018 2357 1092 2438 regi
1125 2356 1302 2421 Richardo
1333 2378 1396 2439 pro

341 2454 494 2536 episcopi
517 2453 731 2531 liberatione,
749 2474 852 2536 quem
868 2456 904 2518 in
925 2455 1072 2537 epistola
1092 2475 1157 2520 sua
1181 2457 1396 2520 carissimum

342 2554 481 2617 vocavit
493 2552 647 2630 fratrem,
664 2560 699 2616 et
712 2553 820 2616 filium
837 2574 937 2617 suurn
953 2562 988 2618 et
1003 2556 1170 2631 ecclesiae,
1193 2565 1232 2618 ut
1247 2556 1297 2618 sio
1314 2576 1395 2638 pro·

343 2652 436 2716 tinus
461 2652 615 2716 flecteret
636 2672 752 2732 regem
777 2652 821 2715 ad
840 2653 1041 2734 parendum.
1095 2653 1268 2734 Praecepit
1291 2655 1397 2735 igitur

343 2772 418 2829 rex,
444 2753 487 2817 ob
517 2752 743 2817 reverentiam
774 2770 888 2835 papae,
917 2759 956 2816 ut
978 2752 1087 2816 lorica
1110 2752 1263 2836 episcopi
1290 2762 1398 2818 exuta

343 2852 410 2933 ipsi
434 2872 535 2934 papae
554 2858 823 2934 praesentaretur
838 2858 873 2915 et
891 2853 1073 2929 diceretur,
1091 2850 1203 2916 ‘Vide
1219 2871 1263 2915 an
1279 2854 1397 2918 tunica

345 2949 407 3013 filii
421 2953 472 3014 tui
488 2952 534 3015 sit
552 2971 597 3014 an
612 2951 719 3016 nonl’
771 2949 835 3014 Cui
861 2971 964 3034 papa,
981 2951 1085 3016 ‘Non
1112 2951 1203 3014 filius
1226 2972 1322 3016 meus
1345 2962 1399 3018 est

344 3050 399 3113 vel
425 3051 600 3129 ecclesiae3
628 3050 672 3113 ad
697 3051 789 3132 regis
815 3060 931 3115 autern
958 3052 1173 3116 voluntatem
1199 3052 1399 3132 redimatur,

346 3151 428 3231 quia
444 3151 560 3232 potius
576 3151 703 3214 Martis
720 3169 824 3232 quam
841 3150 971 3213 Christi
988 3152 1086 3214 miles
1095 3151 1296 3234 judicatur!
1335 3153 1397 3217 Se-

344 3268 461 3330 quana
491 3249 608 3313 eodem
640 3268 731 3313 anno
762 3256 873 3312 metas
905 3250 1026 3313 solitas
1055 3256 1272 3331 transgressa
1309 3251 1396 3316 adeo

345 3347 559 3412 Parisienses
576 3348 756 3424 exterruit,
779 3356 819 3411 ut
834 3368 897 3411 rex
914 3348 1079 3429 palatium
1097 3349 1293 3430 relinquens
1319 3370 1397 3414 cum

343 3447 414 3510 filio
432 3447 619 3512 Ludowico
636 3448 728 3529 apud
743 3454 899 3511 sanctam
914 3446 1133 3511 Genovesam
1151 3447 1396 3528 hospitaretur,

288 3624 290 3629 Ι
344 3556 379 3611 et
394 3547 576 3630 episcopus
592 3547 779 3610 Mauritius
796 3547 890 3629 apud
906 3555 1064 3611 sanctum
1082 3547 1272 3610 Victorem.

293 3688 350 3724 Plo.
384 3687 437 3724 uit.
983 3687 985 3691 ’

294 3751 349 3826 96,
388 3752 439 3825 -13,
453 3749 572 3813 Hisitu
580 3770 661 3834 pes.
694 3747 770 3814 The
792 3758 940 3815 account
967 3770 1006 3814 as
1027 3750 1130 3832 given
1158 3751 1204 3833 by
1226 3750 1276 3814 Oc.
1302 3750 1332 3813 is
1359 3769 1398 3814 as

428 3849 644 3912 tiasuactwm
715 3849 872 3915 follows:
901 3849 991 3913 ‘His
1013 3850 1063 3913 ita
1080 3850 1200 3932 gestie,
1219 3849 1242 3914 J
1245 3850 1398 3913 ohannes

429 3947 578 4011 Victorem
717 3948 823 4013 frater
849 3951 953 4031 regie,
978 3951 1119 4031 cupiens
1147 3949 1272 4012 famam
1300 3968 1399 4013 suam

718 4055 913 4111 restaurare
938 4055 973 4111 et
990 4047 1119 4110 domini
1137 4049 1229 4128 regis
1250 4048 1399 4127 gratiam

719 4166 893 4222 revocare,
903 4155 937 4209 et
948 4145 1181 4210 Marchadeus
1192 4147 1350 4226 princeps
1365 4154 1401 4208 et

718 4245 791 4308 dux
812 4246 1043 4326 ruptariorum
1064 4252 1098 4308 et
1112 4243 1398 4308 incendiariorum

719 4345 755 4407 in
782 4344 938 4408 exercitu
957 4345 1048 4426 regis
1068 4343 1246 4421 Richardi,
1264 4345 1399 4425 equita-

719 4445 846 4507 tionem
859 4443 1014 4507 fccerunt
1029 4450 1110 4507 ante
1124 4446 1299 4508 civitatem
1318 4444 1398 4508 Bel-

720 4563 917 4623 vacensem3
940 4543 998 4607 ubi
1010 4543 1091 4606 dum
1101 4545 1252 4626 captioni
1270 4544 1398 4624 praedae
