3384 5625
293 777 359 841 156
665 794 866 842 uncrronns
888 794 1022 842 varin.

294 996 432 1059 seopuS,
463 995 583 1039 servus
614 996 792 1041 servorum
828 978 908 1054 Dei,
939 977 1193 1042 venerabilibus
1231 977 1398 1041 fratribus

295 1077 464 1140 universis
482 1075 707 1157 suffraganeis
726 1076 987 1140 Cantuariensis
1008 1077 1174 1153 ecclesiae,
1193 1077 1341 1140 salutem
1363 1087 1399 1142 et

295 1176 521 1258 apostolicam
531 1176 815 1239 benedictionem.
849 1175 935 1239 Cum
951 1183 1104 1257 tempore
1119 1176 1207 1257 legis
1219 1176 1395 1251 Mosaicae‚

296 1294 374 1357 quae
390 1275 518 1356 legitur
535 1276 578 1338 ad
598 1274 789 1357 perlectum
817 1276 987 1338 neminem
1014 1275 1215 1352 adduxisse,
1239 1277 1396 1339 carnales

296 1381 458 1456 parentes
480 1374 573 1456 apud
600 1374 772 1437 carnalem
794 1374 961 1457 populum
989 1374 1025 1436 in
1047 1394 1089 1438 ea
1107 1375 1302 1439 reverentia
1324 1376 1398 1438 sue-

295 1479 376 1535 runt
401 1479 436 1536 et
462 1473 602 1550 honore,
628 1481 668 1536 ut
694 1474 754 1555 qui
780 1473 829 1536 eis
859 1472 1076 1536 malediceret
1100 1481 1211 1537 morte
1237 1474 1325 1537 mori
1356 1474 1398 1537 de

295 1573 458 1636 mandato
474 1571 615 1636 Domini
628 1572 827 1656 juberetur3
852 1572 960 1635 multo
977 1573 1088 1653 magis
1103 1572 1168 1635 sub
1184 1572 1260 1654 lege
1275 1573 1399 1655 gratiae

296 1672 517 1748 constitutos,
546 1691 624 1752 quae
653 1672 903 1752 pretiosissimo
932 1670 1061 1735 Christi
1087 1672 1256 1753 sanguine
1285 1671 1397 1735 rubri-

296 1778 376 1834 cata
397 1780 516 1853 portas
534 1771 646 1852 aperit
662 1771 826 1852 paradisi,
844 1790 887 1834 ne
902 1771 990 1851 legis
1005 1771 1288 1852 transgrediendo
1306 1790 1400 1834 man-

297 1869 381 1933 data
398 1871 518 1933 mortis
534 1870 789 1934 damnationem
811 1870 1001 1946 incurrant,
1024 1877 1122 1934 tanto
1144 1871 1307 1935 convenit
1323 1870 1399 1933 dili·

298 1969 435 2049 gentius
464 1987 671 2051 praecavere,
699 1976 829 2051 quanto
859 1970 1013 2032 noscitur
1034 1969 1183 2050 amplius
1213 1968 1400 2033 formidan-

298 2068 379 2131 dum
403 2069 526 2132 animae
549 2088 653 2150 quarn
677 2068 830 2149 corporis
856 2068 1029 2132 incurrere
1053 2068 1308 2132 detrimentum.
1361 2068 1398 2132 Si

300 2188 382 2248 ergo
400 2168 557 2231 carnales
571 2174 731 2249 parentes
747 2174 846 2231 tanta
861 2168 930 2230 sint
946 2167 1140 2231 reverentia
1158 2168 1399 2249 prosequendi,

299 2266 380 2348 quid
409 2274 462 2330 est
482 2267 525 2328 de
551 2267 789 2347 spiritualibus
815 2265 1118 2349 praesumenduml
1149 2267 1215 2329 nisi
1244 2273 1284 2329 ut
1309 2268 1400 2331 sicut

299 2384 423 2445 corpus
437 2365 579 2447 spiritus
594 2372 736 2446 superat
750 2365 931 2445 dignitate,
949 2366 999 2428 sic
1013 2366 1206 2430 reverentia
1219 2372 1255 2429 et
1270 2365 1401 2430 honore

299 2464 497 2546 spirituales
514 2471 673 2546 parentes
687 2465 882 2528 carnalibus
897 2464 1135 2545 praeferantur.
1176 2464 1267 2529 Haec
1283 2472 1399 2528 autem

299 2583 374 2639 noS,
408 2564 544 2642 fratres,
576 2564 784 2646 praemisisse
814 2563 992 2639 noveritis,
1024 2565 1105 2646 quia
1137 2582 1214 2627 cum
1248 2571 1399 2629 vestram

299 2664 484 2728 debeamus
509 2663 703 2727 desiderare
729 2664 887 2739 salutem,
909 2683 1066 2727 veremur
1090 2683 1133 2726 ne
1159 2682 1310 2745 praesens
1336 2666 1400 2727 tri·

299 2763 445 2840 bulatio,
473 2782 552 2846 quae
577 2764 687 2841 vobiS,
716 2771 755 2827 ut
779 2764 916 2840 dicitur,
942 2763 1206 2846 procurantibus
1232 2763 1401 2828 suscitata

300 2869 365 2939 est,
380 2871 524 2927 matrem
544 2862 827 2927 cantuariensem
844 2863 1036 2939 ecclesiam,
1052 2881 1156 2945 quam
1171 2863 1289 2944 utique
1306 2863 1402 2927 velut

300 2970 443 3024 matrem
467 2963 631 3025 tenemini
652 2962 811 3038 revereri,
827 2961 927 3026 vobis
949 2962 1139 3042 periculum
1164 2968 1304 3043 generet
1329 2962 1403 3024 ani-

302 3080 458 3140 marum;
486 3066 520 3123 et
539 3061 649 3123 eidem
672 3060 825 3124 ecclesiae
852 3066 988 3124 tantum
1010 3061 1123 3143 pariat
1145 3060 1401 3138 detrimentum,

301 3167 340 3222 ut
357 3161 448 3241 quod
472 3160 691 3241 dispendiosa
707 3161 881 3224 contentio
904 3162 1093 3241 generabit,
1111 3160 1172 3224 vix
1194 3160 1304 3242 possit
1321 3180 1401 3241 pro-

301 3258 417 3322 lixiori
443 3266 637 3341 temporum
659 3261 773 3341 spatio
795 3259 995 3324 restaurari.
1047 3258 1220 3336 Quocirca
1234 3260 1400 3323 universi-

300 3365 407 3423 tatem
437 3366 589 3422 vestram
616 3378 793 3422 monemus
823 3359 991 3423 attentius
1014 3365 1050 3421 et
1072 3358 1250 3423 hortamur
1271 3359 1307 3421 in
1329 3358 1401 3422 Do-

299 3459 405 3535 mino,
431 3467 466 3523 et
494 3479 555 3542 per
586 3459 779 3540 apostolica
811 3460 941 3540 scripta
972 3458 1186 3534 mandamus
1217 3464 1400 3540 quatenus

300 3558 498 3639 diligentius
536 3558 752 3621 attendentes
789 3558 871 3639 quid
907 3577 1011 3640 super
1045 3557 1099 3620 his
1131 3557 1252 3620 honori
1283 3564 1400 3647 vestro

301 3657 464 3738 expediat
479 3663 514 3719 et
523 3657 638 3731 saluti,
652 3676 721 3719 non
741 3656 930 3719 molestetis
949 3657 1100 3719 indebite
1117 3656 1401 3720 cantuariensem

300 3755 480 3818 ecclesiam
503 3760 647 3816 matrem
665 3759 826 3829 vestram,
845 3754 945 3836 cujus
972 3754 1119 3819 honores
1138 3762 1173 3819 et
1186 3755 1270 3838 jura
1293 3754 1401 3819 fideli-

300 3853 384 3918 tatis
400 3852 514 3916 debito
530 3853 692 3915 tenemini
714 3851 903 3931 defensare,
920 3873 964 3916 ne
986 3854 1028 3916 de
1051 3853 1149 3918 vobis
1173 3855 1294 3918 merito
1320 3872 1402 3917 con-

300 3958 466 4035 queratur
480 3959 515 4016 et
532 3952 636 4028 dicat,
657 3951 791 4015 ‘Filios
813 3952 963 4016 enutrivi
986 3961 1021 4017 et
1043 3954 1209 4031 exaltavi,
1228 3953 1294 4034 ipsi
1318 3972 1400 4016 vero

299 4072 437 4116 menon
456 4052 670 4117 solummodo
698 4072 767 4115 non
787 4060 1011 4133 cognoscunt,
1038 4052 1098 4115 sed
1123 4059 1158 4115 et
1185 4052 1402 4115 severissime

299 4153 574 4236 persequuntur.'
645 4150 727 4215 Nou
757 4159 873 4215 autem
905 4173 967 4235 per
993 4172 1034 4215 ea
1065 4171 1143 4233 quae
1173 4151 1402 4234 praemisimus

299 4273 362 4314 vos
380 4272 401 4314 a
427 4260 545 4314 vestra
570 4252 810 4334 prosequenda
831 4252 971 4335 justitia
997 4250 1238 4327 dehortamur3
1263 4249 1322 4312 sed
1343 4251 1402 4332 pia

298 4370 363 4413 nos
380 4351 464 4413 facit
487 4348 622 4413 affectio
645 4351 830 4433 trepidare,
853 4372 896 4414 ne
919 4351 1072 4415 terminis
1094 4350 1235 4413 statutis
1257 4368 1279 4412 a
1297 4349 1403 4431 patri-

298 4450 362 4512 bus
398 4469 466 4512 non
496 4449 661 4525 contenti,
696 4451 755 4512 alii
786 4450 923 4513 faciatis
957 4450 1120 4533 injuriam
1150 4469 1193 4512 ea
1221 4448 1402 4512 occasione

298 4556 446 4629 reperta,
465 4548 557 4630 quod
583 4549 696 4612 velitis
718 4550 878 4632 prosequi
898 4550 980 4632 jura
1003 4557 1128 4612 vestra.
1175 4549 1236 4611 De
1261 4555 1399 4630 caetero,
