3384 5625
295 777 361 841 250
670 790 867 839 nscrrouns
891 789 1025 839 vania.

310 918 368 953 Pac.
391 916 444 951 llll.

300 981 376 1054 164,
415 975 530 1059 afflari
699 976 789 1042 aaa.

298 1139 349 1150 —·
393 1098 445 1177 27,
462 1100 498 1163 iu
514 1098 577 1163 Dei
700 1102 818 1167 damet.

301 1230 374 1304 166,
393 1229 446 1302 15,
461 1223 634 1288 samonam
699 1226 791 1290 odat
823 1226 946 1303 Paris,
981 1224 1166 1301 Simonias,
1202 1225 1404 1289 exactiones

722 1326 877 1390 diversas
915 1333 949 1390 et
984 1344 1007 1388 a
1048 1325 1175 1390 seculis
1214 1324 1404 1403 inauditas,

723 1427 863 1508 quasin
886 1425 1139 1489 ecclesiasticas
1161 1443 1328 1507 personas
1351 1425 1404 1487 in-

723 1532 901 1589 cessanter
932 1532 1106 1602 exercent,
1136 1542 1259 1587 usuras
1294 1523 1404 1586 mani-

724 1625 832 1688 festas
845 1632 880 1688 et
896 1624 1071 1706 palliatae,
1089 1622 1215 1705 quibus
1237 1622 1404 1687 hactenus

723 1724 909 1804 incognitis
926 1729 1036 1787 totum
1053 1722 1217 1785 mundum
1235 1722 1405 1799 inficiunt,

724 1823 963 1905 praetermitto.
1015 1821 1197 1887 Sermones
1213 1829 1329 1885 tamen
1349 1840 1405 1884 su·

724 1941 786 2004 per
817 1921 885 1985 mel
910 1920 1070 1998 mellitos,
1095 1929 1131 1985 et
1158 1939 1263 2003 super
1291 1920 1406 1983 oleum

724 2020 887 2097 mollitos,
920 2020 1134 2084 insatiabiles
1170 2019 1406 2101 sanguisuga,

724 2120 878 2183 dicentes
898 2120 1027 2183 curiam
1052 2120 1244 2183 Romanam
1263 2137 1341 2183 esse
1353 2137 1407 2183 ec

725 2220 878 2295 clesiam,
900 2227 1044 2283 matrem
1063 2226 1217 2282 nostram
1241 2237 1282 2282 ac
1297 2218 1407 2281 nutri-

725 2338 811 2394 cem,
837 2337 915 2382 cum
936 2318 982 2381 sit
1006 2318 1102 2381 curia
1118 2323 1314 2401 praetaxata
1332 2336 1406 2380 om·

723 2418 820 2479 nium
844 2416 1012 2480 malorum
1035 2416 1136 2481 radix
1157 2424 1194 2481 et
1208 2416 1319 2498 origo,
1335 2435 1405 2480 non

724 2523 899 2581 maternos
916 2516 975 2580 sed
993 2524 1092 2580 actus
1107 2533 1273 2580 exercens
1283 2534 1405 2590 nover-

725 2614 830 2691 cales,
865 2634 908 2678 ex
942 2616 1091 2697 cognitis
1124 2615 1293 2679 fructibus
1331 2615 1404 2678 suis

725 2721 857 2778 certum
876 2713 1005 2778 faciens
1029 2720 1279 2797 argumentum.
1332 2711 1405 2779 Re·

725 2815 871 2878 volvant
880 2814 954 2877 haec
966 2814 1085 2897 inclyti
1096 2816 1242 2879 barones
1252 2813 1404 2896 Angliae,

725 2933 813 2995 quos
827 2932 920 2995 papa
934 2912 1158 2977 Innocentius
1174 2912 1317 2977 bullatis
1329 2913 1405 2977 lite

724 3011 773 3073 ris
796 3011 1024 3076 communitos
1047 3013 1215 3076 animavit
1230 3018 1271 3075 ut
1291 3011 1328 3074 in
1350 3031 1406 3075 re·

725 3129 804 3191 gem
821 3110 845 3173 J
847 3110 1017 3182 ohannem
1040 3111 1141 3194 quasi
1164 3110 1318 3175 ecclesiae
1340 3110 1407 3173 ini-

725 3208 852 3272 micum
867 3210 1085 3290 insurgerent
1098 3209 1323 3288 obstinatnm3
1344 3209 1406 3272 sed

724 3316 908 3391 postquam
921 3309 1105 3372 enormiter
1118 3303 1328 3371 memoratus
1342 3327 1406 3372 rex

726 3415 779 3471 est
795 3409 1009 3483 incurvatus,
1031 3415 1067 3470 et
1082 3426 1130 3497 se
1140 3425 1310 3488 suumque
1327 3426 1406 3488 reg-

727 3526 808 3569 num
833 3506 988 3570 ecclesiae
1011 3505 1181 3569 Romanae
1197 3504 1293 3569 velut
1310 3505 1405 3570 effoe-

725 3606 877 3668 minatus
894 3605 1117 3686 mancipavit,
1138 3604 1408 3687 praedictuspa·

725 3721 771 3783 pa
789 3722 961 3783 proceres,
979 3722 1066 3786 quos
1081 3704 1177 3787 prius
1192 3703 1358 3769 sustinuit
1371 3711 1407 3768 et

726 3800 952 3878 excitaverat,
980 3803 1173 3887 postposito
1199 3801 1317 3867 mundi
1341 3823 1408 3885 pu·

726 3898 808 3962 dore
820 3900 1030 3983 Dominique
1042 3887 1405 3990 timore,conculcavit

725 4001 828 4063 morti
848 4001 1026 4082 expositos
1042 4008 1077 4064 et
1090 3989 1329 4073 miserabiliter
1344 4020 1407 4064 ex·

726 4097 964 4173 haeredandos,
976 4110 1027 4178 ut,
1037 4118 1131 4166 more
1143 4100 1317 4176 Romano,
1326 4118 1406 4182 pro·

725 4205 823 4261 tervo
853 4197 962 4275 hiatu,
995 4198 1088 4280 quod
1121 4197 1286 4281 pinguius
1317 4205 1406 4275 erat,

725 4296 811 4377 proh
832 4296 954 4361 dolor!
987 4298 1200 4373 absorberet,
1223 4304 1260 4361 et
1273 4296 1405 4361 sactum

725 4403 789 4470 est,
828 4396 934 4477 quod,
965 4396 1132 4460 incitante
1167 4396 1405 4460 Romanorum

724 4494 883 4571 avaritia,
938 4495 1098 4578 princeps
1152 4493 1406 4579 provinciarum

724 4593 817 4656 facta
835 4601 887 4657 est
905 4595 969 4657 sub
989 4594 1130 4658 tributo.
1184 4594 1273 4658 Ecce
1290 4612 1404 4657 moros
