3384 5625
661 782 863 831 nncvmnns
890 783 1023 830 vanna.
1334 771 1400 834 135

342 982 464 1025 novem
481 961 557 1045 ejus
573 961 676 1025 vicini
690 963 747 1026 vet
761 963 805 1026 de
826 963 902 1045 ejus
924 963 1067 1040 familia,
1084 982 1224 1028 causam
1243 966 1395 1048 ejusdem

342 1062 509 1126 Witlelmi
538 1062 772 1126 confoventes,
823 1062 930 1126 Anno
958 1063 1022 1125 sub
1054 1064 1172 1127 eodem
1207 1063 1231 1128 J
1234 1064 1398 1142 ohannes„

342 1161 493 1224 decanus
522 1160 825 1242 Rothomagensis,
849 1164 886 1225 in
909 1162 1148 1244 episcopatum
1177 1163 1398 1245 Wigornien-

342 1279 414 1323 sem
431 1260 647 1336 sublimatur,
666 1261 725 1342 qui
741 1280 866 1325 munus
890 1262 1158 1326 consecrationis
1180 1262 1311 1328 decimo
1329 1271 1397 1328 ter-

342 1360 391 1423 tio
413 1358 579 1423 kalendas
604 1359 813 1424 Novembris
837 1380 859 1425 a
875 1360 1118 1425 Cantuariensi
1139 1362 1397 1446 archiepiscopo

341 1458 503 1539 suscepit.

292 1600 349 1635 PAG-
391 1598 444 1635 int.

292 1664 347 1734 95,
386 1663 437 1736 24,
455 1659 555 1725 uoluit
692 1658 784 1722 addit
806 1659 934 1737 Paris,
958 1660 1159 1725 stimulante
1183 1662 1395 1726 Francorum

713 1778 805 1840 rege.

291 1928 342 1939 -
386 1887 642 1972 28,Eodcmqoo
692 1881 864 1964 Tempore
895 1884 959 1946 sub
987 1884 1106 1948 eodem
1136 1884 1323 1965 imperator
1350 1886 1395 1949 le-

459 2007 515 2071 que
528 2008 641 2051 anuo.
715 1983 813 2063 gavit
845 1983 997 2065 capitulo
1026 1982 1304 2047 cisterciensium
1328 1986 1396 2048 tria

454 2086 542 2170 apud
554 2108 641 2151 saue
715 2081 824 2144 millia
858 2101 1050 2146 marcarum
1084 2083 1232 2161 argenti,
1267 2083 1309 2146 de
1341 2103 1396 2147 re·

457 2193 521 2247 tum
543 2185 641 2251 Victo
713 2179 911 2264 demptione
925 2182 1016 2263 regis
1034 2179 1213 2257 Richardi,
1229 2180 1272 2243 ad
1287 2182 1396 2246 thuri-

456 2305 519 2347 rem
714 2281 796 2344 bula
823 2299 886 2363 per
917 2288 1027 2344 totum
1056 2280 1209 2344 ordinem
1238 2279 1396 2344 facienda

714 2388 898 2462 argentea;
930 2380 990 2442 sed
1017 2380 1160 2442 abbates
1183 2387 1254 2443 tam
1282 2381 1394 2462 ipsum

714 2480 956 2560 imperatorem
975 2497 1078 2560 quam
1096 2478 1223 2542 donum
1239 2478 1315 2561 ejus
1339 2480 1395 2543 de-

715 2585 886 2641 testantes
899 2584 1087 2641 renuerunt
1097 2577 1140 2640 de
1154 2578 1247 2659 turpi
1260 2587 1397 2659 quaestu

714 2676 926 2759 adquisitum
964 2676 1090 2739 donum
1124 2674 1200 2757 ejus
1235 2676 1395 2757 recipere.

716 2775 818 2855 Quod
852 2794 930 2840 cum
969 2794 1032 2839 rex
1067 2774 1264 2838 Richardus
1301 2775 1395 2839 audi-

715 2877 835 2954 visset,
861 2876 991 2939 dictum
1015 2879 1050 2939 et
1070 2873 1201 2938 factum
1219 2875 1396 2953 abbatum,

714 2975 806 3058 qnod
840 2975 946 3040 solita
974 2974 1086 3038 caruit
1113 2973 1272 3051 avaritia,
1301 2994 1395 3039 com·

713 3073 900 3139 mondavit.

770 3221 881 3305 Uaptc'o
893 3219 1034 3306 Hoyooir
1048 3219 1086 3283 de
1104 3218 1320 3282 Caluo-moute.

694 3343 825 3407 Eodem
842 3361 978 3424 quoque
1003 3360 1095 3405 anno
1115 3340 1209 3404 facta
1233 3359 1395 3419 congres-

716 3443 812 3506 sione
829 3442 918 3504 inter
939 3440 1129 3523 phalanges
1145 3457 1266 3519 regum
1286 3439 1395 3501 Fran-

714 3561 834 3606 corum
875 3547 911 3604 et
946 3538 1140 3621 Anglorum
1180 3544 1303 3618 captus
1343 3545 1396 3600 est

715 3643 825 3723 Hugo
842 3640 885 3704 da
910 3638 1165 3713 Calvo-monte,
1187 3636 1260 3716 regi
1284 3636 1394 3699 Fran-

714 3760 832 3805 corum
851 3739 952 3803 valde
976 3755 1077 3802 carus
1100 3735 1341 3812 etfamiliaris,
1361 3743 1396 3800 et

715 3842 788 3921 regi
817 3839 1013 3921 Anglorum
1053 3842 1105 3900 est
1142 3841 1395 3918 praesentatns3

716 3958 818 4022 quem
850 3939 1006 4003 Robarto
1031 3936 1074 3999 de
1101 3934 1175 3999 Ros
1201 3934 1395 3998 custodian·

713 4039 797 4102 dum
813 4038 1042 4110 committens,
1063 4034 1228 4115 praecepit
1242 4039 1281 4096 ut
1296 4033 1397 4113 quasi

716 4138 822 4200 vitam
838 4135 1035 4198 custodiret.
1083 4131 1258 4194 Robertus
1280 4137 1396 4192 autem

716 4238 827 4318 ipsum
858 4229 1117 4297 custodiendum
1147 4227 1323 4293 Willelmo
1352 4227 1396 4291 da

714 4336 870 4417 Spineto,
880 4352 979 4396 servo
991 4350 1066 4406 sno,
1080 4329 1291 4393 confidenter
1301 4345 1394 4389 com-

713 4434 818 4498 misit.
833 4431 952 4513 ¹Hugo
966 4439 1081 4494 autom
1091 4428 1305 4494 Witlelmum
1320 4445 1396 4490 cor·-

716 4552 877 4615 rumpens
894 4531 1094 4595 muneribus
1112 4535 1146 4592 et
1165 4526 1399 4611 promissioni-
