3384 5625
291 836 358 901 260
660 853 860 900 nncrrouns
883 852 1016 901 vaura.

297 1034 472 1115 magnalia
488 1033 562 1097 haec
580 1034 629 1096 eis
646 1033 804 1109 adscribi,
828 1034 888 1115 qui
910 1053 932 1097 a
955 1040 1031 1097 tota
1055 1031 1318 1096 christianitate
1345 1036 1398 1092 tot

298 1140 486 1213 proventus
510 1132 693 1213 recipiunt,
717 1132 813 1195 etad
840 1130 1054 1196 solummodo
1078 1131 1222 1194 Terram
1240 1136 1397 1193 sanctam

298 1229 543 1293 defendendam
565 1239 681 1294 tantos
702 1230 854 1294 redditus
877 1230 1068 1310 inglutinat
1082 1237 1118 1293 et
1131 1230 1232 1311 quasi
1245 1228 1281 1291 in
1298 1245 1396 1292 vora·

300 1330 379 1411 gine
395 1329 549 1393 barathri
565 1329 781 1409 demergunt,
802 1329 1085 1409 significaverunt
1101 1327 1244 1391 subdole
1260 1346 1302 1390 ac
1318 1344 1398 1408 pro-

300 1429 423 1492 ditiose
456 1428 609 1491 Soldano
639 1428 854 1509 Babyloniae,
886 1428 977 1509 quod
1007 1427 1194 1509 imperator
1219 1425 1399 1509 proposuit

299 1527 394 1590 adire
426 1527 551 1590 flumen
584 1528 642 1589 ubi
676 1526 835 1590 Christus
867 1527 1064 1607 baptizatus
1099 1532 1152 1589 est
1185 1544 1206 1588 a
1236 1523 1397 1589 Johanne

300 1626 473 1707 Baptista,
498 1626 622 1688 ibidem
658 1625 787 1689 Christi
818 1625 966 1705 vestigia
999 1631 1033 1687 et
1061 1624 1283 1706 praecursoris
1308 1623 1397 1706 ejus·

300 1724 389 1800 dem,
423 1744 492 1806 quo
524 1744 593 1787 non
625 1724 736 1806 major
769 1725 920 1786 surrexit
948 1724 1038 1786 inter
1074 1730 1173 1787 natos
1205 1723 1398 1797 mulierum,

301 1823 418 1904 pedes,
441 1824 527 1887 etin
549 1824 658 1886 laneis
681 1843 757 1886 cunr
776 1841 885 1905 parvo
911 1823 1091 1898 comitatu,
1110 1822 1200 1885 clam
1223 1821 1399 1884 humiliter

300 1923 506 1985 adoraturus
520 1942 528 1998 ;
556 1930 591 1985 et
606 1922 729 1984 ibidem
755 1930 873 2003 posset
889 1921 931 1983 ad
948 1929 1067 1984 votum
1090 1921 1234 1985 eundem
1250 1921 1399 2001 impera·

302 2030 410 2085 torem
428 2021 484 2085 vel
501 2040 624 2103 capere
643 2021 697 2083 vel
713 2021 895 2084 trucidare.
941 2018 1044 2097 Quod
1067 2039 1144 2083 cum
1167 2020 1304 2083 audiret
1325 2018 1402 2082 Sol·

300 2121 412 2184 danus
428 2129 649 2196 memoratus
664 2129 698 2183 et
712 2140 816 2201 super
829 2119 894 2183 hoc
910 2119 1063 2182 chartam
1082 2126 1166 2182 noto
1193 2118 1259 2182 sibi
1282 2117 1399 2198 sigillo

300 2220 473 2301 signatam
516 2220 767 2300 conspexisset,
806 2219 997 2282 detestatus
1034 2225 1087 2282 est
1124 2216 1399 2281 Christianorum

301 2319 502 2393 versutiam,
524 2318 701 2392 invidiam,
729 2325 764 2381 et
785 2318 1025 2399 proditionem,
1048 2324 1083 2381 et
1099 2317 1251 2380 maxime
1267 2335 1398 2391 eorum,

302 2417 362 2497 qui
378 2416 583 2479 videbantur
602 2417 757 2479 habitum
777 2416 954 2496 religionis
977 2436 1055 2479 cum
1073 2417 1184 2480 crucis
1202 2415 1400 2479 charactere

301 2515 479 2598 bajulare;
517 2522 552 2578 et
580 2516 754 2578 advocans
778 2515 864 2578 duos
895 2515 1143 2579 secretissimos
1168 2533 1209 2578 ac
1233 2514 1401 2578 discretos

303 2614 517 2678 consiliarios
542 2615 723 2678 instillavit
748 2615 887 2677 auribus
914 2614 1052 2678 illorum
1082 2614 1253 2690 universa,
1285 2619 1401 2677 osten-

302 2714 387 2777 dens
402 2715 452 2778 eis
473 2714 667 2796 epistolam,
683 2715 736 2778 cui
755 2715 866 2777 adhuc
881 2714 1018 2795 signum
1043 2713 1251 2789 adhaerebat,
1275 2720 1313 2775 et
1339 2712 1402 2786 ait,

302 2815 417 2878 ‘Ecce
433 2815 581 2878 fidelitas
598 2815 894 2878 Christianorum?
932 2813 1172 2896 Inspectisque
1187 2813 1305 2887 literis,
1324 2820 1404 2892 post

302 2913 441 2993 longam
468 2933 510 2977 ac
535 2914 733 2994 diligentem
758 2913 1035 2976 deliberationem
1066 2914 1115 2976 sic
1138 2911 1402 2993 responderunt,

302 3012 484 3088 ‘Domina
516 3013 602 3074 inita
634 3020 687 3075 est
719 3031 790 3093 pax
821 3012 1004 3093 utrobique
1035 3012 1260 3093 beneplacita,
1296 3029 1400 3092 quam

303 3109 433 3174 violare
456 3110 686 3173 facinorosum
710 3111 822 3190 foret3
846 3111 920 3187 sed,
945 3111 988 3173 ad
1015 3111 1165 3174 omnium
1189 3109 1401 3174 Christiano-

302 3229 378 3272 rum
396 3209 644 3286 con'fusionem,
662 3210 809 3273 mittatis
826 3209 914 3272 hanc
928 3210 1122 3292 epistolam,
1136 3229 1213 3273 cum
1230 3210 1332 3289 signo
1342 3208 1401 3272 ad·

303 3308 461 3385 haerenti,
486 3310 553 3391 ipsi
579 3309 790 3390 imperatori,
817 3317 852 3372 et
880 3309 945 3371 erit
972 3310 1071 3373 vobis
1100 3309 1336 3386 amicissimus,
1367 3315 1402 3372 et

303 3409 449 3472 merito!
501 3407 659 3486 Quorum
676 3409 829 3472 consiliis
854 3407 1025 3471 Soldanus
1048 3408 1289 3489 obtemperans
1307 3407 1402 3470 misit

303 3508 430 3572 dictam
447 3509 629 3589 epistolam
651 3508 863 3590 imperatori,
880 3515 915 3569 et
929 3526 1063 3569 omnem
1080 3507 1234 3570 dolorum
1253 3505 1402 3588 [dolum]

304 3607 528 3689 praelocutum
539 3608 571 3669 ei
582 3607 810 3670 denuntiavit.
846 3604 1007 3687 Insuper,
1020 3605 1101 3667 dum
1113 3606 1187 3669 haec
1199 3605 1331 3681 fierent,
1343 3605 1403 3668 im-

304 3713 443 3787 perator
457 3725 518 3785 per
531 3705 811 3784 diligentissimos
829 3713 863 3767 et
875 3704 1152 3784 expeditissimos
1166 3705 1405 3787 exploratores

304 3822 386 3866 suos
409 3803 637 3865 commonitus
662 3803 758 3884 prius
780 3802 975 3877 haesitabat,
1004 3823 1071 3866 non
1100 3803 1242 3868 credens
1269 3810 1403 3867 tantam

304 3901 471 3970 malitiam
490 3901 532 3963 de
549 3900 719 3982 religiosis
736 3901 952 3982 prorupisse;
977 3909 1024 3977 et,
1049 3903 1129 3965 dum
1146 3903 1197 3966 sic
1216 3902 1402 3978 dubitaret,

306 4001 400 4067 venit
414 4001 555 4065 nuntius
576 3999 717 4067 Saldani
740 4000 784 4067 ad
809 4020 886 4068 eum
907 4000 1035 4066 dictam
1059 4010 1201 4082 portans
1224 4000 1256 4064 ei
1275 4001 1403 4082 episto-

304 4101 386 4177 lam,
427 4120 488 4182 per
522 4119 627 4183 quam
668 4100 803 4182 plenius
844 4099 887 4163 de
923 4100 1098 4180 praedictis
1133 4099 1403 4181 significabatur.

306 4198 472 4264 Gaudens
493 4201 601 4280 igitur
622 4198 714 4281 quod
736 4199 879 4281 laqueos
902 4198 1123 4263 absconditos
1138 4199 1318 4272 evasisset,
1335 4218 1405 4262 om·

305 4298 363 4362 nia
390 4306 491 4364 caute
514 4298 753 4365 dissimulabat
783 4298 962 4379 usquead
989 4305 1124 4378 tempus
1154 4297 1403 4373 retributionis,

305 4403 341 4458 et
362 4414 440 4476 quae
468 4396 512 4459 ad
534 4395 681 4463 reditum
709 4397 896 4464 interram
925 4414 1024 4461 suam
1051 4395 1187 4460 fuerant
1209 4397 1405 4460 necessaria

306 4494 527 4576 praeparavit.
581 4495 626 4557 Et
641 4494 706 4558 hoc
728 4495 795 4558 suit
811 4495 1030 4562 seminarium
1052 4494 1122 4557 odii
1147 4496 1237 4558 inter
1258 4495 1406 4576 impera-

307 4601 414 4658 torem
431 4599 467 4656 et
482 4591 698 4674 Templarios
714 4613 754 4657 ac
771 4593 1049 4678 Hospitalarios3
1074 4602 1297 4658 veruntamen
1313 4593 1405 4658 Hos·
