3384 5625
626 809 827 858 nncrrouns
853 810 987 858 vrarn.
1311 793 1356 857 69

254 937 328 1074 246,
350 936 553 1073 affirmate
653 996 817 1061 excrevit.

254 1121 330 1199 247,
347 1125 400 1198 28,
418 1122 535 1185 Eodem
547 1143 605 1186 an-
654 1117 730 1182 The
748 1116 892 1182 Cotton.
906 1117 982 1182 MS.
997 1118 1073 1195 has,
1089 1115 1194 1181 ‘Hoc
1209 1118 1246 1181 in
1261 1137 1355 1183 anno

416 1243 455 1284 ao
676 1217 855 1299 praeterito
871 1218 1059 1281 secundm
1074 1211 1230 1301 aliquos?

256 1388 304 1397 -
348 1311 557 1429 :tarnim
654 1340 748 1405 addit
774 1341 903 1419 Paris„
930 1348 1115 1425 propterea
1138 1341 1231 1424 quod
1259 1341 1358 1406 diffa-

416 1465 505 1506 suam
677 1448 772 1504 mata
787 1448 880 1505 esset
893 1442 936 1505 de
953 1441 1136 1519 adulterio,
1151 1442 1256 1505 etiam
1277 1460 1357 1505 cum

676 1539 820 1617 infideli,
836 1541 947 1622 etqui
965 1560 1089 1622 genere
1104 1539 1171 1604 fuit
1186 1539 1326 1605 diaboli.

254 1707 304 1716 -
348 1666 400 1739 31,
415 1662 521 1747 qradu
655 1663 748 1727 addit
769 1663 897 1740 Paris„
913 1663 956 1727 In
971 1664 1236 1746 quadragesima
1249 1663 1356 1727 cemi-

678 1771 732 1826 tes
767 1770 802 1826 et
840 1764 987 1826 barones
1024 1761 1164 1843 Angliae
1201 1762 1358 1826 fecerunt

630 1877 632 1882 ·
677 1860 859 1942 ligantiam
885 1868 920 1925 et
943 1861 1145 1925 fidelitatem
1167 1860 1356 1925 Eustachio

678 1961 749 2025 filio·
764 1962 857 2041 regis
873 1959 1050 2043 Stephani.

257 2084 331 2159 248,
371 2086 401 2158 4,
424 2080 606 2165 remeamu-
655 2083 748 2148 addit
778 2082 905 2158 Paris„
937 2097 973 2147 et
1000 2090 1142 2166 propter
1170 2089 1357 2166 praetactas

418 2180 548 2244 uitatem
679 2201 815 2247 causas.

255 2342 307 2351 —
351 2307 403 2381 10,
419 2311 608 2388 quapropter
657 2309 842 2373 verebatur
860 2308 951 2371 enim
967 2327 1011 2371 ne
1025 2309 1069 2372 ab
1083 2307 1159 2372 illo.

421 2402 608 2487 ..abaliquo

256 2567 307 2579 -
350 2528 402 2602 21,
418 2525 511 2588 etiam
524 2524 558 2587 a·
657 2528 805 2610 quidem.

256 2692 307 2702 -
351 2651 405 2725 26,
421 2658 528 2713 eontra
548 2647 607 2712 du·
658 2651 776 2715 fratris
790 2652 887 2716 ducis
902 2651 1167 2734 Andegavensis
1181 2657 1346 2716 castrum.

421 2770 484 2813 cem
502 2748 609 2812 Ando-

418 2849 548 2934 uariam

256 3011 308 3021 —
352 2976 404 3050 31,
418 2981 609 3056 esset..prae-
658 2979 797 3055 captum
816 2978 909 3036 esset
923 2971 1101 3037 violenter.

424 3080 543 3156 reptwm

260 3197 336 3270 249,
374 3198 406 3272 9,
431 3193 518 3257 Vitta
660 3197 780 3261 Nulla.
907 3261 910 3267 ,

258 3355 310 3365 -
353 3316 611 3401 2266249466
658 3321 701 3383 de
719 3320 896 3400 Languro.

262 3444 335 3518 250,
376 3444 406 3518 3,
416 3440 610 3504 eormdeeim
659 3444 782 3525 viginti
797 3462 933 3506 novem.

259 3609 310 3620 ··
377 3569 407 3643 5²
424 3564 539 3628 Em
552 3585 611 3627 ‘m'
658 3568 777 3634 domi.

426 3664 611 3728 aestatem

426 3763 598 3847 merirum

184 3930 189 3940 ·
261 3926 311 3937 -
376 3886 612 3971 &Remurium
662 3882 917 3964 Halingeham3
942 3879 1019 3945 MS.
1036 3879 1125 3960 Reg.

263 4017 337 4092 254,
356 4015 409 4088 15,
423 4034 474 4075 sea
661 4008 806 4071 duabus.

262 4140 337 4216 255,
348 4137 615 4219 manufirmam
662 4131 866 4195 confirmata
882 4136 935 4192 est
950 4147 1030 4210 pax.

425 4244 468 4299 est
478 4241 606 4318 paetum

262 4395 313 4406 —
357 4360 412 4436 26,
427 4357 565 4421 induisse
662 4351 864 4418 instituisse.

265 4485 338 4559 256,
378 4484 411 4560 1,
428 4501 606 4545 mauroa-
663 4477 929 4543 venerabantur.

431 4590 485 4645 tur
