3384 5625
677 789 881 837 nncrrnurs
903 791 1034 839 vanis.
1339 771 1403 837 261

298 969 450 1051 pitalarii
472 970 639 1031 minorem
668 977 786 1031 notam
807 969 959 1031 infamiae
977 988 1083 1050 snper
1104 967 1169 1031 hoc
1194 969 1288 1031 lacto
1312 987 1395 1031 con·

297 1075 488 1131 traxerunt
541 1067 598 1130 Ex
612 1086 655 1130 eo
668 1067 776 1147 igitur
790 1075 945 1148 tempore
959 1067 1200 1148 conglutinata
1213 1075 1268 1130 est
1281 1066 1398 1131 anima

297 1168 516 1248 imperatoris
550 1186 628 1229 cum
662 1167 778 1229 anima
807 1165 951 1229 Soldani
979 1165 1208 1229 indissolubili
1238 1173 1396 1229 cemento

298 1266 491 1329 dilectionis
504 1273 540 1328 et
556 1266 729 1338 amicitiae,
753 1273 789 1327 et
803 1265 1030 1328 confoederati
1050 1272 1157 1342 snnt;
1180 1274 1216 1329 et
1230 1266 1396 1327 miserunt

299 1365 363 1427 sibi
380 1365 533 1427 vicissim
554 1383 698 1427 munera
714 1365 878 1445 pretiosa,
897 1365 988 1427 inter
1004 1383 1083 1445 quae
1106 1365 1201 1427 misit
1224 1363 1396 1427 Soldanns

298 1463 497 1545 imperatori
534 1482 641 1525 unum
688 1462 918 1543 elephantem.
980 1462 1238 1544 comperientes
1279 1469 1395 1525 antem

299 1562 489 1644 Templarii
519 1570 555 1625 et
585 1561 828 1644 Hospitalarii,
861 1581 939 1625 cnm
969 1561 1042 1623 suis
1070 1562 1306 1643 complicibus,
1335 1562 1397 1624 im-

298 1662 467 1742 peratoris
490 1661 814 1742 peregrinationem,
838 1680 942 1743 quam
962 1659 1084 1723 secisse
1106 1660 1150 1723 ad
1173 1661 1299 1723 flumen
1315 1659 1397 1724 Jor-

298 1760 397 1823 danis
413 1767 652 1841 proposuerat,
669 1759 809 1835 differri,
832 1760 1080 1823 intellexerunt
1098 1780 1158 1841 per
1175 1758 1260 1821 illud
1275 1759 1396 1821 atalia

297 1859 425 1922 indicia
441 1859 557 1922 dolum
573 1878 673 1921 snum
690 1858 813 1922 effectu
836 1860 1008 1933 caruisse3
1036 1858 1268 1939 patriarcham
1290 1858 1397 1938 igitur

299 1958 652 2041 Hierosolymitannm
676 1958 720 2021 ad
740 1977 839 2020 snam
859 1966 1080 2021 attraxerunt
1094 1956 1396 2040 conspirationem,

297 2059 356 2140 qui
371 2057 460 2120 hanc
482 2057 663 2139 epistolam
681 2058 724 2120 ad
743 2056 988 2121 diffamandum
1005 2056 1246 2138 imperatorem
1269 2055 1396 2119 dicitur

299 2157 565 2238 conscripsisse3

447 2323 594 2408 Epistola
612 2323 749 2399 Gerotlt
758 2325 953 2409 puta-iurabo
968 2324 1254 2408 Ha'croaolymitooi.

346 2453 559 2531 ‘Geroldus‚
597 2456 795 2537 patriarcha
836 2456 1191 2539 Hierosolymitanus,
1224 2456 1395 2520 universis

297 2551 428 2618 Christi
443 2553 601 2618 fidelibus
614 2555 651 2618 in
665 2555 815 2619 Domino
838 2556 999 2619 salntem.
1051 2555 1166 2633 Quam
1185 2555 1397 2634 mirabiliter,

295 2653 364 2722 imo
391 2652 640 2729 miserabiliter,
674 2655 719 2717 ab
750 2654 848 2716 initio
873 2673 983 2736 usqne
1011 2654 1056 2717 ad
1084 2654 1198 2728 finem,
1226 2654 1262 2716 in
1288 2674 1395 2736 grave

295 2751 532 2836 praejudicium
546 2753 677 2834 negotii
690 2752 713 2817 J
716 2771 776 2816 esu
793 2751 924 2816 Christi
941 2761 976 2818 at
995 2752 1075 2817 fidei
1093 2752 1299 2817 Christianae
1313 2772 1395 2817 con·

294 2858 474 2934 temptum,
490 2853 527 2915 in
548 2853 704 2933 partibus
718 2852 912 2916 cismarinis
928 2852 1134 2934 processerit
1150 2853 1346 2933 imperator,
1364 2855 1395 2916 si

296 2952 397 3031 plene
430 2951 657 3032 intelligatur,
687 2952 722 3014 in
759 2971 922 3033 processu
951 2953 1061 3034 ipsius
1094 2971 1116 3015 a
1146 2951 1269 3032 planta
1296 2952 1394 3034 pedis

298 3049 468 3131 usquead
486 3049 647 3113 verticem
665 3069 733 3114 non
750 3052 878 3132 poterit
894 3050 1206 3129 sanitasinveniri;
1233 3053 1397 3134 qnoniam

298 3147 333 3210 in
347 3149 500 3213 adventu
515 3168 579 3213 suo
602 3149 919 3213 excommunicatus
934 3151 1041 3226 venit,
1057 3151 1117 3213 rix
1134 3168 1250 3212 secum
1266 3150 1395 3215 ducens

296 3247 422 3311 milites
445 3247 687 3329 quadraginta,
714 3256 751 3311 et
776 3249 852 3310 sine
878 3249 1037 3329 pecunia,
1064 3266 1207 3329 sperans
1231 3249 1324 3330 quod
1352 3249 1395 3314 de

296 3346 416 3427 spoliis
442 3346 674 3410 habitatorum
700 3345 810 3428 Syriae
831 3355 950 3428 posset
972 3365 1070 3409 suam
1094 3347 1245 3426 inopiam
1262 3355 1396 3411 sustan-

297 3451 383 3508 tare.
436 3444 622 3526 Primoque
634 3446 670 3507 in
687 3443 839 3527 Cyprum
858 3444 997 3509 veniens
1014 3445 1162 3507 nobilem
1176 3445 1288 3508 virum
1306 3446 1335 3507 Ι.
1353 3446 1397 3510 de

297 3542 461 3607 Ybellino
486 3553 522 3607 et
546 3543 636 3607 filios
663 3562 757 3621 snos,
783 3562 871 3625 quos
895 3543 1022 3606 ibidem
1054 3542 1235 3606 occasione
1265 3545 1397 3624 negotii

296 3642 415 3705 Terrae
439 3649 569 3706 sanctae
593 3642 722 3706 fecerat
738 3643 933 3718 convenire,
958 3643 1071 3704 minus
1093 3641 1268 3705 curialiter
1292 3643 1396 3725 cepit,

298 3740 341 3803 ad
359 3760 459 3804 snum
478 3741 659 3823 prandium
675 3743 853 3807 invitatos.
906 3741 1132 3806 Postmodum
1151 3760 1278 3820 regem,
1293 3761 1395 3823 quem

297 3839 340 3902 ad
361 3858 399 3902 se
413 3841 531 3903 venire
556 3839 694 3917 fecerat,
718 3843 861 3906 retinuit
881 3842 981 3923 quasi
1008 3848 1168 3922 captum;
1195 3840 1314 3922 sicque
1335 3861 1397 3924 per

298 3938 495 4001 violentiam
512 3945 547 4001 et
562 3937 717 4002 fraudem
732 3960 875 4020 regnum
889 3941 1027 4021 penitus
1044 3939 1237 4019 occupavit.
1268 3939 1396 4003 Trans-

297 4036 339 4098 iit
354 4036 390 4099 in
407 4036 555 4119 Syriam,
573 4036 627 4099 his
647 4038 809 4118 peractis.
862 4037 1020 4118 Cumque
1039 4038 1075 4098 in
1095 4036 1264 4116 principio
1281 4038 1396 4099 verbis

298 4135 469 4199 mirabilia
485 4155 523 4200 se
537 4136 753 4217 promitteret
768 4133 951 4208 facturum,
977 4142 1013 4197 et
1032 4153 1070 4195 se
1090 4130 1262 4213 superbis
1279 4151 1395 4196 coram

297 4233 510 4316 simplicibus
531 4234 723 4317 jactitaret,
752 4231 871 4296 statim
902 4232 947 4295 ad
976 4231 1165 4295 Soldanum
1192 4231 1395 4312 Babyloniae

295 4333 391 4412 pacis
406 4333 546 4395 nuntios
565 4332 774 4409 destinavit3
798 4336 938 4412 propter
956 4330 1049 4411 quod
1064 4330 1099 4392 in
1116 4336 1302 4410 conspectu
1318 4329 1395 4393 Sol·

295 4429 377 4493 dani
402 4437 438 4493 et
467 4435 608 4494 suorum
637 4448 852 4511 paganorum
885 4428 998 4492 sactus
1030 4434 1082 4490 est
1114 4428 1395 4510 contemptibilis,

294 4529 467 4611 praecipue
497 4548 575 4591 cum
607 4529 720 4610 ipsum
752 4528 983 4610 intelligerent
1015 4545 1131 4589 secum
1163 4546 1232 4589 non
1261 4533 1393 4589 tantam
