3384 5625
632 807 833 855 cucurouns
857 808 986 855 varin.
1293 791 1356 855 131

253 990 377 1053 lantes.
432 989 477 1052 Et
501 985 628 1053 statim'
646 1008 778 1072 pauper
804 990 942 1053 domum
970 1009 1067 1053 suam
1094 989 1241 1052 festinus
1260 990 1357 1067 abiit,

253 1089 454 1170 scalamque
476 1088 649 1170 quandam
671 1108 747 1152 cum
772 1089 946 1166 funiculis,
969 1108 1056 1171 quos
1078 1098 1222 1152 noverat
1244 1109 1359 1153 neces·

254 1189 379 1263 sarius,
406 1207 483 1251 cum
508 1208 643 1251 summa
673 1188 893 1253 festinatione
918 1189 1141 1271 praeparavit,
1166 1195 1201 1251 et
1224 1189 1358 1253 rediens

253 1287 383 1350 dimisit
398 1306 473 1351 eam
487 1287 523 1350 in
540 1295 681 1369 putenm
698 1289 803 1352 solus.
859 1289 905 1352 Et
919 1289 1048 1365 statim,
1063 1288 1168 1350 immo
1182 1290 1309 1369 raptim
1327 1297 1362 1353 et

255 1386 427 1464 certatim,
444 1387 499 1449 leo
515 1393 550 1450 et
567 1388 692 1468 anguis
707 1407 769 1470 per
786 1387 915 1469 gradus
929 1388 1033 1451 scalae
1049 1388 1272 1452 ascendeutes
1293 1389 1358 1470 ipsi

254 1487 400 1568 pauperi
415 1487 675 1568 applauserunt,
689 1495 724 1550 et
741 1488 992 1551 circumeuntes
1009 1487 1113 1569 pedes
1131 1487 1206 1569 ejus
1224 1486 1361 1550 voluta·

254 1586 383 1647 bantur
396 1604 512 1649 coram
528 1604 569 1649 eo
585 1586 786 1663 laetabundi,
804 1587 904 1668 quasi
921 1588 1110 1667 gratiarum
1127 1587 1279 1649 actiones
1297 1606 1359 1668 pro

256 1684 459 1748 liberatione
490 1703 555 1748 sua
581 1685 767 1749 referentes
793 1686 913 1749 eidem.
967 1685 1097 1749 Postea
1121 1705 1202 1748 vero
1230 1705 1361 1768 pauper

254 1783 364 1864 ipsius
391 1783 520 1847 Vitalis
553 1784 770 1849 ascendentis
804 1798 945 1848 manum
976 1784 1203 1867 apprehendit
1237 1792 1271 1848 et
1301 1785 1359 1847 de·

255 1882 417 1946 osculans
441 1884 474 1946 ei
493 1884 594 1961 dixit,
609 1889 619 1918 ‘
632 1884 743 1948 Vivat
765 1904 888 1947 manus
912 1884 1007 1948 haec!
1042 1885 1107 1961 eia,
1133 1885 1198 1961 eia,
1224 1884 1360 1965 gaudeo

254 1982 371 2063 plane,
385 1983 467 2064 quia
481 1984 553 2046 voti
568 2003 709 2066 compos
724 1982 811 2048 effici
826 1985 934 2048 merui
947 1985 968 2064 ;'
994 1991 1029 2047 et
1040 1983 1141 2047 duxit
1157 2003 1234 2047 eum
1252 1985 1360 2047 donec

248 2082 302 2143 -ad
328 2083 487 2145 notitiam
512 2083 645 2146 itineris
666 2085 873 2167 perveniret.
926 2085 972 2147 Et
985 2084 1097 2148 Vitali
1116 2083 1287 2146 recedenti
1312 2083 1362 2146 ait

257 2180 432 2263 Sylvauus
465 2184 709 2264 pauperculus,
737 2183 909 2262 ‘Quando
935 2192 970 2248 et
991 2184 1050 2247 ubi
1076 2183 1251 2265 persolves
1279 2181 1362 2245 mihi

256 2281 373 2345 debita
386 2281 413 2345 l'
465 2280 510 2345 Et
526 2281 669 2360 Vitalis,
690 2290 700 2321 ‘
718 2283 817 2347 Intra
838 2284 927 2348 diem
955 2291 1116 2367 quartum
1141 2284 1177 2345 in
1199 2283 1361 2357 Venetia,

256 2380 418 2444 videlicet
442 2380 477 2444 iu
504 2381 635 2463 palatio
660 2402 749 2460 meo,
774 2384 867 2466 quod
890 2383 1027 2466 quidem
1052 2383 1220 2447 famosum
1250 2388 1362 2446 estet

256 2480 406 2562 reperire
431 2489 577 2545 nonest
601 2480 761 2546 difficile'
812 2484 931 2548 Rediit
952 2483 1125 2565 Sylvanus
1149 2481 1193 2546 ad
1218 2482 1363 2545 domun-

256 2580 371 2643 culam
396 2598 508 2656 suam,
533 2588 572 2644 ut
600 2583 796 2664 pranderet.
854 2582 934 2661 Quo
961 2582 1101 2645 sedente
1125 2582 1169 2644 ad
1194 2599 1359 2655 mensam,

257 2698 336 2743 ecce
353 2679 421 2757 leo,
438 2700 540 2761 quem
556 2681 775 2757 liberaverat,
795 2688 984 2763 apportans
1008 2681 1186 2742 hinnulum
1206 2680 1362 2756 intravit,

256 2785 292 2843 et
324 2780 488 2862 apposuit
517 2798 645 2844 mensae
677 2782 879 2863 prandentis
910 2780 1056 2845 blandus
1087 2787 1121 2842 et
1147 2786 1360 2857 mansuetus,

258 2879 359 2960 quasi
379 2880 525 2944 offerens
546 2880 631 2944 illud
654 2902 717 2964 pro
740 2882 882 2963 praemio
910 2881 1066 2945 beneficii
1088 2887 1124 2943 et
1148 2878 1363 2944 liberationis

262 2985 297 3041 et
312 2979 538 3068 applaudens,
560 2982 762 3044 mitissimus
783 2983 858 3046 sine
878 2983 995 3063 rugitu
1014 2988 1048 3044 et
1064 2981 1117 3043 ira
1139 2985 1200 3041 aut
1216 2978 1362 3061 alicujus

258 3077 400 3142 laesioue
416 3081 568 3143 recessit.
620 3081 667 3145 Et
683 3082 891 3164 sequebatur
907 3102 985 3145 eum
999 3081 1172 3164 Sylvanus
1189 3077 1363 3141 ludentem

258 3197 371 3241 coram
389 3198 430 3243 eo
454 3186 489 3242 et
506 3179 694 3260 lingentem
716 3181 821 3262 pedes
841 3180 929 3264 ejuS,
944 3187 983 3244 ut
999 3182 1102 3244 sciret
1118 3179 1258 3241 ubinam
1274 3176 1363 3240 foret

259 3278 370 3341 cubile
393 3278 480 3362 ejuS,
503 3280 738 3342 admirabatur
755 3280 845 3342 enim
866 3279 1084 3342 vehementer
1102 3277 1212 3341 leonis
1230 3283 1363 3339 tantam

259 3379 569 3455 mansuetudinem,
593 3386 628 3442 et
642 3386 764 3460 postea
786 3377 887 3441 rediit
910 3384 949 3440 ut
969 3378 1164 3460 pranderet.
1215 3375 1262 3438 Et
1285 3394 1362 3437 eum

259 3477 372 3539 cibum
395 3485 557 3554 sumeret,
581 3490 659 3542 e'cce
688 3497 830 3560 serpens
856 3477 1022 3540 liberatus
1045 3474 1168 3552 adfuit,
1192 3492 1362 3555 gemmam

259 3576 446 3657 pretiosam
477 3576 512 3638 in
541 3596 600 3641 ore
623 3578 790 3652 deferens,
817 3577 1048 3660 apposuitque
1074 3573 1182 3639 eidem
1211 3573 1363 3658 Sylvano

260 3681 425 3756 tanquam
450 3676 626 3740 liberatori
647 3698 730 3755 suo;
754 3685 789 3741 et
806 3678 901 3741 illam
925 3678 961 3740 in
984 3677 1079 3740 disco
1107 3694 1170 3739 suo
1197 3673 1364 3755 reposuit,

259 3792 403 3856 seseque
424 3776 527 3857 spiris
545 3777 751 3841 volubilibus
776 3785 857 3841 ante
873 3778 986 3859 ipsum
1008 3777 1170 3841 volutans
1191 3780 1225 3837 et
1241 3772 1364 3836 ludens

258 3873 445 3954 applausit,
467 3876 568 3955 quasi
591 3884 707 3957 grates
731 3877 881 3941 referens
901 3878 933 3941 ei
953 3897 1015 3958 pro
1036 3877 1191 3957 impenso
1217 3872 1282 3935 sibi
1306 3874 1364 3935 be-

258 3971 393 4049 neficio,
415 3981 450 4036 et
470 3973 598 4038 blando
623 3977 748 4039 emisso
776 3977 878 4039 sibilo
899 3975 1031 4038 nullum
1054 3973 1183 4037 laedens
1209 3972 1361 4035 recessit.

259 4069 371 4148 Quem
403 4072 561 4136 similiter
593 4077 802 4155 sequebatur
831 4074 1006 4155 Sylvanus
1039 4091 1102 4152 pro
1123 4069 1364 4154 'admiratione

259 4178 299 4232 ut
327 4169 370 4234 de
399 4190 549 4236 caverna
577 4172 652 4256 ejus
678 4172 937 4236 certificaretur.
992 4170 1129 4252 Elapsis
1151 4169 1257 4248 igitur
1280 4166 1365 4228 duo-

258 4268 321 4332 bus
348 4270 404 4334 vel
429 4272 540 4335 tribus
569 4272 701 4348 diebuS,
732 4271 907 4354 Sylvanus
933 4270 1089 4334 deferens
1120 4287 1236 4331 secum
1267 4285 1364 4347 gem-

257 4356 1364 4453 mmfflmpmmffimmmffiffimmmmwmmffi

258 4469 436 4545 attulerat,
464 4469 647 4533 Venetiam
678 4471 775 4547 adiit,
797 4479 836 4534 ut
860 4490 881 4533 a
907 4470 1020 4534 Vitali
1043 4469 1212 4551 promissa
1238 4467 1365 4547 recipe-

258 4575 320 4630 ret.
376 4568 422 4631 Et
445 4570 578 4633 invenit
601 4590 678 4632 eum
706 4591 782 4634 cum
809 4571 1009 4635 concivibus
1033 4569 1156 4634 vicinis
1183 4567 1267 4639 suis,
1292 4584 1364 4646 prae

1210 4673 1226 4706 κ
1244 4664 1260 4706 2
