3384 5625
687 772 890 821 uncrroxrs
912 773 1047 821 tanis.
1347 763 1414 828 lor

310 952 547 1018 oechmmndo
578 954 681 1031 dixit,
710 954 822 1019 ‘Cum
850 957 985 1019 venerit
1010 958 1046 1019 iu
1070 957 1254 1031 infernum,
1280 959 1411 1026 salutet

310 1052 520 1131 Hubertum,
551 1054 837 1118 cantuariensem
864 1055 1173 1139 archiepiscopum,
1201 1079 1304 1141 quem
1330 1080 1411 1142 pro-

308 1152 469 1217 culdubio
485 1155 534 1217 ibi
549 1155 724 1218 inveniet’
775 1155 822 1218 Et
843 1175 1032 1219 conversus
1056 1156 1101 1219 ad
1118 1159 1409 1224 circumsedentes

307 1253 488 1316 subintulit
509 1254 638 1329 dicens,
659 1254 753 1317 ‘Per
776 1254 883 1337 pedes
908 1254 1062 1331 Domini,
1077 1276 1168 1320 nnnc
1191 1260 1303 1339 pn'mo
1328 1279 1406 1323 sum

308 1371 371 1414 rex
384 1361 420 1415 et
436 1353 595 1417 dominus
606 1354 747 1434 Angliae
760 1355 781 1418 !'
832 1353 970 1417 Habuit
985 1356 1094 1436 igitur
1108 1367 1239 1421 extunc
1253 1367 1405 1440 potesta·

308 1459 377 1514 tem
399 1452 593 1516 liberiorem
604 1454 812 1537 juramentis
831 1454 957 1517 suiset
977 1456 1101 1536 pactis,
1126 1477 1205 1539 quae
1225 1477 1304 1521 cnm
1327 1460 1406 1540 ipso

307 1549 478 1615 Gaufrido
497 1552 637 1617 dolente
663 1553 805 1628 fecerat,
824 1555 1009 1629 contraire,
1031 1563 1068 1617 et
1088 1555 1185 1620 initae
1210 1559 1306 1638 pacis
1332 1559 1406 1621 rin-

307 1649 407 1725 cnlis,
431 1652 557 1733 qmbns
582 1672 620 1715 se
642 1652 848 1728 involverat,
872 1653 1054 1716 denodare.
1100 1654 1272 1719 Poeuituit
1297 1658 1406 1737 igitur

306 1750 421 1831 ipsum
441 1752 596 1832 graviter
616 1761 652 1815 et
667 1753 894 1827 amarissime,
921 1752 1013 1834 quod
1037 1753 1083 1816 ad
1108 1756 1284 1837 praedictae
1309 1757 1405 1837 pacis

304 1868 509 1913 consensum
525 1851 762 1915 inclinaretur.

390 2014 458 2078 Ber
472 2015 631 2081 Iolcum
645 2016 810 2101 desperans
823 2016 910 2079 aiat
926 2017 1049 2081 nendos
1063 2016 1110 2080 od
1123 2016 1330 2082 admiralium

741 2115 959 2179 Meneclium.

363 2244 464 2311 Misit
492 2268 576 2329 ergo
612 2248 753 2312 nuntios
788 2248 1038 2312 secretissimos
1069 2266 1147 2310 cum
1181 2247 1402 2314 festinatione

303 2364 448 2423 summa,
470 2348 630 2411 videlicet
651 2348 821 2411 Thomam
844 2348 1101 2412 Herdintonum
1123 2353 1160 2410 et
1177 2346 1401 2431 Radnlphum

302 2445 409 2508 filium
423 2446 563 2511 Nicolai
578 2447 718 2525 milites,
732 2458 768 2512 et
782 2448 976 2512 Robertum
992 2445 1035 2509 de
1050 2445 1210 2510 Londino
1226 2448 1401 2525 clericum,

302 2545 346 2608 ad
374 2546 591 2610 admiralium
625 2547 860 2623 Murmelinm,
887 2566 1002 2627 regem
1031 2564 1195 2625 magnum
1223 2545 1400 2628 Apbricae,

303 2644 510 2710 Marrochiae
530 2654 567 2710 et
594 2646 789 2729 Hispaniae,
811 2665 913 2727 quem
935 2645 1061 2725 vulgus
1082 2645 1399 2711 Miramnmelinum

302 2751 416 2822 vocat,
430 2746 631 2828 significans
645 2745 768 2821 eidem,
790 2745 882 2828 qnod
902 2763 941 2807 se
957 2752 993 2806 et
1009 2762 1153 2824 regnum
1172 2762 1273 2807 suum
1289 2745 1400 2811 liben-

299 2850 352 2906 ter
366 2845 522 2909 redderet
535 2846 646 2909 eidem
662 2855 698 2909 et
714 2844 855 2908 dederet
871 2850 908 2907 et
919 2843 1073 2907 deditum
1093 2850 1227 2908 teneret
1240 2847 1284 2908 ab
1308 2847 1398 2929 ipso,

298 2942 329 3004 si
343 2944 494 3024 placeret
508 2945 553 3021 ei,
570 2945 635 3008 sub
651 2946 801 3024 tributo;
825 2963 958 3008 necnon
971 2949 1008 3007 et
1020 2944 1133 3024 legem
1151 2943 1397 3024 Christianam,

298 3061 401 3123 qnam
423 3060 547 3107 vanam
565 3045 712 3121 censuit,
726 3045 924 3127 relinquens
939 3043 1010 3125 legi
1036 3043 1228 3108 Mahometi
1251 3044 1398 3110 fideliter

298 3141 497 3207 adhaereret
551 3143 653 3221 Quod
667 3164 746 3207 cum
760 3143 845 3207 dicti
861 3143 974 3206 nuntii
1000 3145 1166 3207 secretius
1187 3144 1331 3209 relaturi
1352 3146 1396 3208 ad

297 3241 425 3306 curiam
453 3244 537 3307 dicti
560 3243 724 3326 principis
751 3243 1003 3323 pervenissent,
1022 3242 1228 3305 invenerunt
1257 3244 1301 3307 ad
1326 3246 1397 3326 pri·

297 3358 388 3403 mam
415 3350 550 3423 portam
578 3343 712 3425 aliquot
736 3340 864 3404 milites
892 3348 1043 3404 armatos
1062 3340 1241 3404 introitum
1267 3344 1396 3406 arctius

297 3440 530 3505 custodientes
554 3442 679 3524 gladiis
705 3440 912 3522 evaginatis.
963 3437 1019 3502 Ad
1038 3439 1225 3502 secuudum
1241 3459 1323 3504 vero
1338 3460 1395 3505 os·

297 3539 395 3617 tium,
419 3542 551 3606 scilicet
578 3542 712 3624 palatii,
735 3541 852 3623 plures
878 3540 1083 3602 invenerunt
1107 3538 1234 3601 milites
1259 3538 1303 3601 ad
1330 3559 1395 3602 uu·

295 3658 397 3718 guem
423 3649 587 3718 armatos,
609 3649 644 3705 et
670 3640 842 3723 prioribus
870 3637 1075 3720 elegantius,
1100 3637 1239 3701 ensibus
1265 3637 1395 3703 strictis

296 3739 487 3819 ingressum
517 3739 702 3822 diligenter
726 3739 972 3816 custodientes,
1003 3757 1044 3802 ac
1071 3738 1149 3801 aliis
1174 3735 1333 3801 fortiores
1358 3745 1394 3803 et

296 3839 489 3903 nobiliores.
541 3839 585 3902 Iu
610 3840 700 3904 ostio
727 3859 809 3903 vero
834 3839 979 3903 thalami
1002 3837 1184 3914 inferioris
1207 3837 1316 3902 multo
1339 3856 1394 3902 se·

294 3938 443 4000 cundum
462 3940 699 4022 apparentiam
720 3938 932 4003 robustiores
953 3945 988 4001 et
1012 3938 1207 4012 ferociores,
1224 3943 1260 4000 et
1277 3936 1393 4017 plures

294 4037 473 4118 prioribus.
528 4038 615 4102 Cum
645 4046 760 4101 autem
785 4037 929 4119 pacifice
958 4033 1156 4110 introducti,
1184 4052 1229 4097 ex
1253 4034 1394 4099 licentio

293 4136 403 4217 ipsius
417 4137 599 4215 admiralii,
613 4156 714 4219 quem
731 4155 846 4216 regem
866 4152 1027 4215 magnum
1046 4139 1183 4206 vocant,
1197 4131 1264 4212 ipsi
1279 4133 1393 4198 nuntii

294 4242 329 4297 et
358 4236 590 4302 vice-domiui
621 4237 688 4313 sui,
725 4235 816 4316 regis
850 4233 981 4297 scilicet
1015 4228 1167 4312 Angliae,
1197 4238 1393 4295 reverenter

294 4334 516 4414 salutassent,
543 4341 779 4419 exposuerunt
805 4351 945 4397 causam
974 4329 1144 4394 adventus
1163 4330 1217 4393 sui
1245 4330 1392 4412 plenius,

293 4433 447 4500 chartam
468 4436 598 4518 regiam
621 4437 652 4499 ei
673 4434 910 4517 porrigentes3
935 4449 1039 4512 quam
1058 4430 1194 4511 quidem
1211 4429 1393 4512 interpres,

292 4535 350 4614 qui
379 4554 535 4617 praesens
552 4541 697 4601 vocatus
723 4533 856 4609 aderat,
885 4530 1059 4595 evidenter
1083 4528 1259 4613 patefecit.
1313 4528 1393 4609 Quo
