3384 5625
335 758 379 823 72
542 794 545 798 -
698 772 899 820 memorias
926 771 1060 818 viarm.

349 898 406 935 Pio.
435 897 487 933 uri.

338 961 414 1036 281,
453 961 485 1035 3,
502 956 612 1042 absquo
636 956 674 1020 lt
740 965 847 1041 atque
865 956 1016 1021 licentia.

503 1057 604 1120 cantio

333 1189 387 1227 '-
432 1183 486 1258 15,
504 1180 635 1244 Galioa‘ae
741 1177 904 1242 Galatiae.
960 1187 974 1232 .'

311 1322 389 1351 ·-
432 1340 476 1358 ν-
501 1303 662 1388 appeliant
740 1301 833 1365 addit
850 1301 977 1375 Paris„
1001 1300 1204 1364 Fredoricus
1221 1308 1444 1365 consecratus

764 1408 817 1464 est
832 1402 869 1463 in
885 1400 1125 1481 imperatorem
1146 1400 1189 1463 ab
1206 1399 1361 1463 Adriano
1381 1420 1444 1482 pa-

764 1519 829 1582 pa;
855 1519 977 1563 manus
997 1500 1108 1563 sancti
1132 1498 1155 1562 J
1159 1500 1257 1562 acobi
1282 1500 1445 1563 restituta

764 1607 816 1663 est
833 1598 1003 1679 Redingo.

341 1725 415 1799 283,
434 1724 488 1799 26,
503 1723 682 1787 Loochmom
744 1723 930 1786 Losonum.

341 1848 416 1921 286,
434 1847 488 1923 16,
504 1846 691 1910 commenda-
743 1847 835 1911 addit
852 1847 979 1923 Paris„
994 1846 1192 1928 Eodemque
1205 1863 1296 1910 anno
1308 1846 1445 1911 Willol-

510 1946 556 2008 oit
765 1965 841 2009 mus
877 1946 1127 2030 primogenitus
1165 1945 1256 2026 regis
1299 1945 1445 2010 Honrici

766 2046 852 2108 obiit
880 2051 915 2108 et
937 2044 1093 2127 sepultus
1112 2049 1165 2107 est
1190 2045 1283 2127 apud
1310 2044 1445 2109 Radiu-

766 2164 859 2225 gum.

344 2263 418 2342 287,
458 2266 628 2349 Lprimoa
742 2266 830 2329 deest.

342 2423 393 2433 -
438 2389 489 2464 12,
507 2388 649 2471 repetivit
743 2388 835 2452 addit
846 2389 971 2468 Paris„
982 2389 1075 2472 apud
1085 2389 1310 2453 Suandunum
1322 2391 1446 2455 multo

765 2507 842 2551 rum
866 2488 1150 2589 cepit'homagia,
1174 2489 1306 2554 scilicet
1323 2491 1448 2555 nobili·

765 2608 873 2651 orum.

343 2710 417 2786 289,
436 2712 490 2785 10,
503 2710 637 2795 qaod,ot
647 2712 695 2774 ait
744 2712 1006 2816 propterquod.

342 2869 394 2879 -
440 2836 492 2909 11,
498 2855 696 2918 propropero
745 2837 828 2919 quia
845 2855 1077 2919 praepropere.

343 2989 395 3003 -
439 2959 494 3034 21,
511 2960 650 3022 Novam·
748 2960 916 3039 Burgum.
940 2959 1063 3030 ‚Addit
1078 2959 1205 3038 Paris„
1216 2960 1344 3025 Eodem
1357 2979 1448 3025 anno

510 3054 639 3142 buroam
771 3058 887 3121 Maria
905 3056 1089 3122 'abbatissa
1111 3059 1153 3123 de
1175 3060 1354 3140 Rumseia,
1377 3051 1450 3125 filia

770 3157 863 3238 regis
903 3156 1081 3239 Stephani,
1123 3157 1240 3242 nupsit
1277 3159 1449 3224 Matthaeo

770 3256 888 3320 comiti
911 3256 1094 3335 *Bononiae,
1125 3277 1170 3321 ex
1186 3318 1188 3323 ,
1205 3277 1274 3342 qua
1306 3260 1450 3324 sustulit

770 3356 857 3421 duas
875 3357 975 3434 filias,
999 3359 1248 3440 propterquod
1269 3365 1451 3440 peccatum

771 3456 925 3520 Thomas
936 3455 1027 3536 regis
1045 3456 1283 3534 cancellarius,
1296 3457 1353 3540 qui
1370 3477 1450 3521 con-

771 3557 899 3618 trarius
920 3554 986 3617 fuit
1003 3554 1082 3617 huic
1099 3557 1292 3620 contractui
1307 3555 1451 3635 illicito,

770 3652 814 3716 ad
830 3654 941 3716 instar
959 3653 1053 3716 beati
1071 3652 1095 3716 J
1098 3654 1243 3719 ohannis
1264 3655 1448 3738 Baptistae,

772 3753 900 3815 multas
914 3767 1037 3833 passus
1054 3759 1107 3817 est
1125 3755 1260 3818 comitis
1277 3754 1433 3819 insidias.

350 3877 688 3961 290‚12‚saam9ro
749 3876 866 3940 desum.
978 3881 981 3886 ’

514 3975 593 4039 aiter

348 4134 399 4146 -—
444 4096 498 4176 27,
514 4098 699 4186 illooqoaa·
749 4101 911 4184 illucque.

513 4199 608 4285 doque

348 4325 424 4394 291,
442 4324 493 4400 25,
512 4323 675 4401 celebraret
751 4321 844 4385 addit
864 4321 990 4400 Paris„
1019 4322 1148 4386 Eodem
1177 4329 1331 4419 tempore
1359 4323 1453 4388 Can·

774 4422 889 4484 tuaria
924 4420 994 4485 fere
1027 4422 1138 4485 omnis
1158 4424 1454 4499 comburitur.—

774 4519 849 4584 The
882 4520 999 4603 Royal
1033 4521 1110 4585 MS.
1141 4522 1226 4586 adds
1257 4543 1279 4586 a
1307 4524 1452 4609 chaptor
