3384 5625
352 759 419 825 306
722 779 925 829 uncrrouns
949 781 1082 829 varim.

356 902 430 1041 llll,
444 902 706 1049 dijudicimus
754 965 810 1029 On
834 966 892 1030 the
913 966 1019 1030 lower
1041 965 1175 1049 margin
1200 966 1240 1030 of
1255 965 1289 1029 0.
1308 966 1405 1030 there
1427 966 1457 1030 is

775 1065 856 1129 here
876 1067 992 1142 noted,
1009 1068 1203 1131 ‘Dominus
1229 1064 1390 1147 Rogerus
1415 1066 1457 1129 de

775 1164 986 1242 Wendovre,
1005 1168 1100 1248 prior
1119 1164 1305 1247 aliquando
1326 1165 1368 1228 de
1391 1165 1458 1228 Be·

775 1263 899 1341 luvair,
920 1265 1099 1348 hucusque
1119 1265 1281 1328 chronica
1299 1284 1363 1327 sua
1382 1263 1456 1328 haec

776 1362 941 1444 digessit;
975 1364 1096 1447 incipit
1129 1364 1236 1427 frater
1265 1363 1456 1427 Matthaeus

778 1461 1009 1527 Parisiensis.’

356 1621 407 1633 --
451 1622 494 1631 —
524 1581 679 1648 Gillertus
756 1605 859 1667 quem
890 1605 952 1649 rex
984 1606 1105 1650 sereno
1139 1585 1238 1649 vultu
1273 1584 1457 1666 respiciens

522 1684 631 1747 Basset
647 1732 655 1748 .
673 1732 680 1748 .
697 1731 704 1745 .
778 1686 931 1768 suscepit
943 1686 978 1749 iu
993 1686 1156 1767 amplexu
1172 1692 1207 1748 et
1216 1684 1311 1767 pacis
1326 1685 1456 1762 osculo,

523 1783 703 1847 Biclardas
778 1785 927 1866 gratiam
943 1786 974 1848 ei
988 1785 1168 1868 pristinam
1185 1784 1409 1860 restituendo,
1424 1791 1459 1848 et

525 1882 649 1945 Siuard
779 1884 838 1947 alii
856 1885 985 1948 exules.
1032 1884 1131 1947 Tunc
1146 1883 1326 1947 Hubertus
1343 1902 1458 1946 comes

781 1983 927 2060 Cantica,
964 2004 1042 2047 curn
1082 1991 1184 2065 grata
1222 1982 1459 2046 recordatione

775 2083 907 2167 junctis
933 2084 1091 2146 manibus
1118 2081 1308 2164 suspiciens
1331 2082 1366 2143 in
1395 2101 1460 2145 cae-

779 2182 863 2258 lum,
882 2182 970 2245 dixit
984 2183 1020 2245 in
1037 2182 1139 2246 corde
1155 2188 1189 2245 et
1203 2202 1272 2258 ore,
1288 2180 1340 2244 ‘0
1358 2180 1381 2243 J
1384 2200 1457 2255 esu,

780 2281 943 2345 Salvator
958 2281 1132 2356 crucifixe,
1154 2300 1254 2362 quem
1271 2280 1460 2343 cruentatis

778 2379 814 2441 in
830 2399 931 2442 cruce
952 2379 1150 2442 vulneribus
1174 2378 1359 2458 aliquando
1383 2378 1463 2440 dor-

779 2477 888 2541 miens
914 2478 1088 2559 conspexi,
1115 2483 1150 2540 et
1173 2476 1208 2539 in
1230 2476 1382 2539 crastino
1405 2496 1461 2540 se-

780 2575 930 2639 cundum
953 2575 1165 2639 admonitum
1190 2582 1287 2639 tuum
1309 2582 1380 2638 tuae
1403 2596 1463 2657 pe-

781 2675 875 2757 perci
912 2672 1047 2755 effigiei‚
1078 2674 1221 2738 eandem
1252 2675 1460 2751 venerando,

781 2793 872 2838 nunc
887 2774 970 2837 mihi
981 2773 1088 2839 vestri
1105 2774 1219 2856 gratia
1233 2779 1386 2855 tempore
1402 2793 1460 2856 op-

781 2882 930 2955 portuno
961 2881 1096 2955 gratam
1120 2873 1305 2954 rependisti
1332 2874 1462 2936 vicissi-

782 2972 958 3036 tudinem.'
1002 2973 1048 3035 Et
1065 2978 1105 3035 ut
1126 2971 1181 3034 hic
1203 2972 1371 3053 apologus
1391 2972 1460 3036 cla-

781 3071 853 3133 rius
889 3070 1060 3135 elucescat
1102 3071 1333 3147 audientibus
1368 3071 1461 3135 facto

782 3188 891 3251 parvo
907 3170 1060 3234 materiae
1074 3169 1288 3246 diverticulo,
1306 3170 1461 3251 legentes

783 3268 1031 3332 certificemus:
1067 3267 1234 3349 Contigit,
1262 3288 1387 3350 guerra
1411 3269 1462 3332 in-

785 3374 966 3447 grassante
989 3374 1142 3449 tempore
1164 3369 1255 3449 regis
1277 3367 1300 3430 J
1304 3367 1461 3445 ohannis,

784 3467 876 3547 quod
902 3467 1030 3548 rapinis
1053 3473 1087 3530 et
1112 3466 1277 3529 incendiis
1306 3467 1462 3532 attende-

784 3572 862 3627 rent
879 3585 973 3629 more
989 3584 1122 3646 guerrae
1140 3565 1278 3641 milites
1295 3584 1372 3628 cum
1390 3584 1461 3629 ser-

782 3664 967 3738 vientibuS,
978 3664 1080 3744 regiis
1094 3663 1273 3746 stipendiis
1282 3665 1462 3744 assignati,

783 3762 909 3840 quibus
929 3770 1077 3842 praeerat
1093 3763 1274 3826 Hubertus
1299 3782 1463 3826 memora-

783 3865 851 3921 tus.
905 3858 1064 3937 Quadam
1097 3861 1205 3942 igitur
1235 3868 1347 3937 nocte,
1380 3862 1461 3924 dum

783 3958 917 4039 sopitus
944 3959 1015 4022 alto
1043 3979 1162 4023 somno
1188 3961 1222 4022 in
1247 3967 1358 4023 stratu
1390 3962 1463 4044 qui-

786 4065 929 4134 esceret,
961 4059 1122 4140 apparuit
1154 4059 1186 4121 ei
1220 4058 1390 4122 Dominus
1425 4061 1463 4123 in

785 4175 886 4219 cruce
903 4156 1055 4238 pendens
1072 4157 1267 4233 crucifixus,
1285 4158 1375 4221 sicut
1390 4178 1463 4222 ma-

787 4256 887 4317 nibus
901 4255 1071 4318 artificum
1087 4255 1175 4319 solet
1189 4256 1381 4337 insculptus
1396 4256 1465 4320 effi-

785 4354 886 4432 giari,
910 4365 945 4417 et
973 4355 1035 4430 ait,
1060 4352 1172 4417 ‘Cum
1194 4355 1318 4418 iterum
1335 4355 1464 4420 videris

784 4471 895 4514 meam
918 4450 1075 4534 effigiem,
1098 4471 1201 4532 parce
1224 4453 1306 4516 mihi
1329 4454 1364 4515 in
1389 4454 1463 4531 illa,

783 4555 817 4612 et
835 4550 928 4612 defer
952 4569 993 4614 ac
1011 4552 1198 4616 venerare.'
1250 4551 1293 4614 In
1311 4554 1463 4617 crastino
