3384 5625
319 788 384 851 100
690 801 890 849 anulonns
914 802 1047 851 VARIAE.

323 929 399 1066 illi,
416 926 469 1063 llll,
485 995 595 1051 nuncin
612 994 659 1050 at·
720 996 826 1070 atque
841 987 1047 1069 lugubriter.

509 1108 546 1149 no

324 1247 376 1259 —-
421 1109 679 1287 25,nqbi0ltriatnr
725 1210 784 1292 qui
802 1209 954 1273 Christo.

326 1375 379 1388 -
422 1333 666 1408 26,0onatitutas
725 1330 917 1407 constituti,
944 1330 1021 1395 Deo
1047 1332 1220 1397 cantando
1241 1340 1276 1398 et
1298 1334 1430 1398 orando

495 1428 680 1515 deprecaba—
749 1429 1019 1493 famulabantur.

493 1538 547 1593 tur

329 1690 380 1700 .-
448 1649 477 1729 7,
493 1651 647 1716 laudatur
728 1643 820 1707 addit
838 1642 965 1720 Paris,
988 1644 1112 1707 ritibus
1131 1645 1265 1726 polluta
1287 1643 1433 1709 Sarace-

752 1761 849 1805 meis,

331 1916 381 1925 -
426 1874 478 1948 29,
486 1872 583 1955 fusas
731 1866 949 1929 commixtas.

331 2040 382 2049 -
427 1999 481 2070 33,
497 1995 618 2058 soleant
729 1988 822 2052 addit
841 1988 967 2065 Paris,
985 1988 1170 2071 profanata
1186 1991 1361 2054 mundent.

334 2118 408 2196 437,
447 2122 477 2195 2,
495 2140 534 2182 ae
552 2115 670 2181 deuola-
733 2110 776 2175 ad
795 2111 1015 2193 opprobrium
1035 2120 1070 2175 et
1087 2112 1347 2178 desolationem.

495 2218 606 2281 tionem

332 2381 385 2394 -
450 2341 482 2415 6,
492 2359 554 2422 per
569 2358 638 2402 suos
733 2333 851 2396 demna

334 2503 385 2514 -
430 2463 481 2536 13,
499 2469 570 2523 anto
734 2456 896 2537 copiosus
914 2463 1005 2519 ante.

334 2623 385 2634 -
430 2581 686 2657 16,Frnnrorann
736 2579 1022 2656 Christianorum,
1035 2580 1184 2643 maxime
1199 2585 1314 2644 autem
1328 2579 1436 2643 Fran·

756 2698 885 2742 eornm.

334 2847 384 2856 -
430 2801 480 2880 17,
496 2813 608 2868 anneta
735 2799 827 2887 addit
845 2798 971 2876 Paria,
988 2798 1259 2882 properantium.

336 2970 386 2979 -
431 2928 483 3002 26,
502 2925 547 2989 bia
569 2928 650 2990 inter
735 2923 939 3003 interreges
955 2923 1167 2987 Francorum
1184 2923 1438 3004 etAnglnrum.

503 3046 584 3109 reyes

336 3189 387 3200 ..
432 3150 483 3223 28,
502 3148 675 3211 convenae
737 3141 993 3219 convenienteS‚
1020 3149 1207 3207 tractatum
1238 3142 1439 3224 diligentem

504 3247 689 3331 tespostala-
758 3239 965 3319 habuerunt,
1001 3261 1104 3324 super
1140 3242 1205 3306 hoc
1237 3226 1439 3324 ‘postulavit

505 3345 552 3410 vit
758 3341 890 3423 utique.

338 3508 389 3518 —
434 3469 487 3542 31,
506 3470 610 3533 comiti
738 3461 1008 3527 Pictaviensium
1025 3463 1151 3527 comiti.

339 3591 413 3663 438,
433 3592 483 3664 12,
501 3611 562 3652 non
584 3588 689 3651 timere
737 3584 932 3648 nullatenus
950 3586 1146 3651 formidare.

338 3752 389 3762 —
432 3746 475 3756 —
499 3711 648 3773 niteretur
736 3705 924 3772 fulciretur.

338 3875 389 3884 -
435 3835 485 3908 14,
502 3832 551 3896 uel
565 3853 690 3917 raynnm
738 3829 899 3910 aliquem,
915 3833 1076 3897 maxime.

341 3955 415 4025 439,
454 3956 484 4030 9,
499 3953 623 4039 Anytia
738 3951 829 4015 addit
845 3951 971 4030 Paria,
989 3973 1054 4035 ope
1071 3962 1106 4018 et
1121 3974 1226 4036 opera
1240 3954 1388 4019 comitia.

339 4114 390 4125 —
436 4076 488 4148 11,
503 4075 681 4160 finyenrqno
738 4075 870 4156 fingens
887 4095 924 4140 se
940 4076 1130 4141 Turonum.

503 4194 533 4236 se
548 4174 681 4238 Turonis

338 4336 389 4345 -
434 4296 484 4370 18,
493 4293 649 4378 fauillam
739 4293 903 4362 flammas.

338 4457 389 4469 -
433 4419 486 4490 24,
501 4417 555 4479 hoc
572 4426 673 4481 antem
739 4439 807 4502 quo
821 4421 1060 4484 cruentissimo
1076 4421 1274 4485 certamine.

501 4515 642 4597 conflictu
