3384 5625
363 774 427 839 16⁸2
736 792 935 840 nrcrronns
961 793 1093 842 mmm.

417 976 540 1039 lelmus
558 976 723 1052 Briwere,
740 974 915 1040 Robertus
931 975 974 1039 de
989 976 1179 1055 Turnham,
1194 975 1411 1058 Reginaldus
1425 976 1467 1041 de

419 1074 617 1153 Gornhulle,
657 1075 853 1139 Richardus
886 1076 928 1140 de
957 1076 1121 1154 Marisc0,
1151 1078 1212 1159 qui
1249 1096 1368 1141 omnes
1400 1077 1468 1140 fine

416 1174 553 1255 lugubri
576 1176 813 1240 terminarunt.
866 1176 995 1240 Eodem
1021 1184 1175 1259 tempore
1194 1176 1377 1240 Mathildis
1405 1176 1467 1240 fue-

417 1276 512 1339 mina
536 1276 659 1340 nobilis
686 1283 721 1339 et
744 1295 833 1339 uxor
858 1274 1024 1339 Willelmi
1051 1276 1093 1339 de
1120 1278 1288 1353 Brausea,
1312 1282 1346 1339 et
1374 1274 1466 1339 filins

417 1374 492 1458 ejus
512 1382 546 1439 et
570 1376 680 1439 haeres
704 1375 914 1450 WillelmuS,
943 1383 978 1439 et
999 1395 1089 1439 uxor
1111 1376 1264 1460 ejusdem
1286 1374 1464 1452 Willelmi,

418 1474 510 1556 apud
538 1472 800 1539 Windleshores
828 1475 993 1538 carcerali
1020 1475 1186 1539 custodiae
1217 1474 1387 1557 deputati,
1408 1474 1468 1558 ju-

416 1574 519 1637 bente
551 1573 746 1656 Anglorum
776 1594 871 1656 rege,
902 1574 992 1638 fame
1024 1574 1210 1657 perierunt.
1274 1573 1384 1657 Cujus
1417 1575 1468 1637 rei

418 1673 539 1738 seriem
567 1675 597 1737 si
627 1675 705 1757 quis
735 1674 869 1756 plenius
897 1682 1172 1757 prosequeretur,
1202 1674 1374 1756 lacrymas
1407 1694 1468 1737 ex-

418 1780 551 1837 cuteret
566 1781 791 1855 tyrannorum
807 1780 842 1836 et
859 1775 992 1837 animos
1009 1774 1221 1839 audientium
1238 1773 1467 1855 perturbaret.

418 1872 548 1936 Eodem
577 1892 667 1937 anno
693 1873 872 1937 Walterus
888 1875 930 1937 de
954 1872 1041 1937 Grai
1062 1875 1191 1938 electus
1207 1880 1260 1937 est
1277 1872 1312 1935 in
1336 1873 1470 1955 episco-

417 1992 500 2054 pum
532 1971 769 2050 Cestrensem3
807 1973 990 2050 Henricus,
1014 1974 1276 2038 archidiaconus
1304 1972 1468 2049 Stafford,

415 2070 453 2134 in
477 2071 719 2135 Exoniensem.
772 2072 795 2135 J
799 2073 888 2135 udaei
914 2093 977 2155 pro
1005 2074 1110 2137 nimia
1137 2093 1255 2137 eorum
1283 2071 1470 2137 afflictione

417 2172 516 2236 multi
533 2191 554 2234 a
568 2191 675 2253 regno
693 2171 923 2253 aufugerunt3
950 2173 985 2235 Ο.

378 2309 434 2345 PAG.
459 2310 512 2347 un.

367 2372 441 2446 235,
462 2368 515 2446 27,
532 2372 716 2435 sediscor-
767 2372 896 2435 domini
913 2392 1013 2456 papae
1029 2374 1345 2439 familiarissimum.

531 2470 668 2534 dioclem

366 2595 440 2671 236,
459 2596 605 2679 28sfecit
764 2591 856 2656 addit
873 2592 999 2673 Paris,
1015 2594 1189 2672 Leolinus,
1206 2596 1366 2678 princeps
1377 2594 1469 2660 Nor-

787 2692 923 2770 walliae,
942 2694 1158 2777 compellitur
1183 2696 1226 2758 ad
1249 2696 1467 2759 deditionem.

788 2792 885 2857 Obiit
898 2794 990 2858 circa.
1003 2794 1068 2858 hoc
1083 2801 1218 2877 tempus
1234 2793 1411 2861 Robertus
1424 2794 1468 2860 de

788 2892 947 2956 Thunam
966 2890 1226 2976 [Thurnhaml]

367 3012 440 3092 237,
479 3017 509 3091 4,
529 3015 702 3081 (laudabam
766 3014 913 3078 Ebulam
955 3015 1076 3097 vigilia
1126 3016 1239 3081 sancti
1287 3016 1470 3080 Laurentii

532 3116 716 3180 ..Parisios
787 3115 885 3191 obiit,
924 3115 1024 3198 cujus
1068 3134 1192 3198 corpus
1226 3115 1379 3179 delatum
1414 3125 1468 3181 est

787 3213 953 3277 Parisios

364 3378 416 3389 -
482 3344 514 3420 6,
528 3342 716 3428 contritusest
764 3339 948 3422 sepultum.

366 3467 439 3541 238,
482 3463 511 3542 7,
528 3467 676 3530 dederont
764 3463 857 3526 addit
884 3460 1009 3539 Paris,
1040 3461 1211 3545 Tempore
1237 3481 1375 3543 quoque
1402 3462 1468 3526 sub

786 3562 906 3624 eodem
925 3561 1161 3642 migraverunt
1186 3581 1208 3624 a
1229 3562 1347 3625 seculo
1367 3560 1467 3626 Gau·

786 3660 907 3736 fridus,
929 3660 1155 3724 Eboracensis
1178 3661 1467 3743 archiepiscopus

787 3758 842 3821 cui
860 3759 1027 3822 successit
1043 3758 1231 3824 Walterus.
1268 3760 1364 3824 Obiit
1377 3779 1466 3841 quo·

786 3876 854 3938 que
876 3876 989 3920 comes
1014 3858 1056 3922 de
1079 3858 1282 3923 Albamarla
1302 3865 1337 3923 et
1357 3861 1465 3923 abbas

786 3955 821 4018 S.
836 3955 1006 4020 Edmundi
1029 3957 1186 4035 Samson,
1204 3960 1263 4040 qui
1280 3959 1466 4041 aquaeduc-

786 4063 858 4119 tum
890 4064 925 4121 et
946 4057 1055 4123 multa
1082 4060 1172 4122 bona
1203 4058 1284 4123 fecit
1310 4057 1466 4124 ecclesiae

784 4175 869 4220 suae.

365 4271 715 4353 manumissionum
762 4279 855 4344 addit
877 4279 1001 4360 Paris,
1028 4301 1173 4363 cumque
1197 4280 1309 4344 adhuc
1339 4283 1467 4363 spretis

784 4379 851 4442 hiis
878 4380 1199 4444 comminationibus
1223 4381 1266 4443 ad
1293 4380 1466 4444 Castriam

785 4480 947 4557 venisset,
974 4481 1098 4544 iterum
1122 4488 1289 4544 venerunt
1320 4480 1463 4544 adeum

784 4579 895 4641 nuntii
910 4587 945 4642 et
962 4580 1083 4643 literae.
