3384 5625
292 728 356 791 124
668 745 866 792 anemonas
890 744 1023 792 viarm.

291 868 348 905 Pac.
391 867 441 905 uu.

292 933 347 1005 80,
385 932 438 1002 16,
457 930 546 993 ducis
691 931 837 995 comitis.

290 1093 341 1108 -
387 1056 437 1129 18,
459 1054 606 1138 Gregorii
693 1055 849 1137 Georgii.

292 1217 343 1229 —
386 1178 439 1254 31,
458 1177 603 1240 uniuerso
692 1176 952 1243 occurrentibus
966 1183 1000 1240 et
1012 1176 1302 1259 applaudentibus
1318 1198 1396 1259 reg-

456 1276 583 1340 cioitote
713 1279 749 1340 ni
765 1278 997 1359 magnatibnS‚
1011 1277 1086 1340 solo
1100 1278 1226 1341 comite
1235 1276 1258 1341 J
1261 1278 1397 1342 ohanne

713 1378 960 1459 ingemiscente
973 1394 982 1453 ;
1005 1377 1054 1439 Oe.
1072 1384 1099 1439 et
1112 1377 1153 1438 R.

292 1500 347 1576 81,
408 1503 438 1577 5,
451 1521 645 1566 concremabo
691 1520 921 1566 reversurum.
961 1492 1045 1563 ¹Cui
1062 1500 1264 1563 adventanti
1280 1520 1397 1564 occur-

309 1610 311 1614 ’
714 1602 759 1664 rit
770 1600 1229 1683 apudWestmonasterium,
1240 1619 1285 1662 ex
1298 1608 1398 1682 parte

715 1699 851 1764 abbatis
876 1700 989 1763 sancti
1006 1696 1135 1761 Albani
1153 1699 1301 1776 Warini,
1319 1700 1397 1781 qui·

715 1800 794 1863 dam
809 1819 854 1862 ex
870 1798 945 1882 ejus
962 1798 1191 1861 servientibus
1206 1797 1396 1862 Gaufridus

654 1983 656 1987 Ι
717 1906 945 1981 cognomento
965 1895 1150 1975 Hakesalt,
1168 1898 1328 1961 adferens
1346 1899 1395 1961 ei-

717 1999 794 2062 dem
827 1998 902 2079 regi
934 2016 978 2060 ex
1011 2003 1111 2078 parte
1143 1996 1227 2060 dicti
1260 1997 1396 2062 abbatis

716 2117 859 2161 munera
879 2116 948 2159 non
966 2096 1102 2159 modica
1123 2116 1168 2159 ex
1187 2115 1271 2159 auro
1289 2104 1324 2161 et
1342 2116 1397 2160 ar-

717 2204 835 2278 gento,
866 2214 945 2278 quae
977 2195 1100 2259 merito
1136 2196 1289 2278 regalem
1325 2216 1395 2261 non

716 2303 853 2359 tantum
887 2314 1012 2378 pacare
1045 2294 1105 2358 sed
1138 2307 1173 2359 et
1202 2295 1397 2360 exhilarare

716 2403 878 2477 poterant
894 2394 1195 2474 magnificentiam.
1238 2394 1321 2477 Ipse
1333 2414 1395 2458 au-

717 2504 787 2557 tem
803 2514 879 2571 rex,
892 2511 1042 2575 pensans
1057 2493 1217 2557 affectum
1232 2514 1309 2558 cum
1322 2514 1397 2558 mu-

717 2595 870 2669 neribuS,
899 2592 1009 2657 eidem
1035 2593 1152 2657 abbati
1186 2593 1318 2675 gratias
1346 2614 1396 2657 re-

717 2693 798 2757 tulit
823 2693 1002 2766 aduberes,
1030 2692 1137 2755 veluti
1164 2694 1274 2757 amico
1299 2694 1396 2757 inde·

718 2792 808 2858 fesso
825 2802 861 2858 et
876 2793 980 2876 patri,
996 2790 1056 2874 qui
1069 2791 1131 2855 filii
1147 2792 1203 2855 sui
1218 2792 1396 2858 immemor

718 2913 793 2957 esse
812 2912 882 2956 non
904 2893 1072 2968 sustinet3
1095 2893 1207 2974 ipsum
1224 2892 1315 2956 enim
1333 2894 1394 2957 ab·

718 2993 832 3055 batem
853 2991 896 3054 de
920 2992 1179 3070 consuetudine,
1203 2993 1286 3074 quia
1309 2994 1396 3056 ami-

717 3091 874 3154 cissimus
889 3097 965 3154 erat
984 3091 1028 3167 ei,
1050 3097 1184 3173 patrem
1205 3091 1396 3174 appellavit

681 3194 684 3200 '
717 3190 944 3254 carissimum.
1011 3190 1067 3254 Ex
1098 3197 1180 3255 tunc
1215 3191 1322 3273 igitur
1352 3193 1395 3256 de

717 3291 826 3355 amico
863 3290 1004 3355 amicior
1043 3289 1156 3353 sactus
1184 3310 1246 3353 rex
1277 3290 1395 3355 abbati

715 3391 752 3454 in
768 3391 926 3454 omnibus
945 3389 1086 3470 agendis
1108 3390 1244 3453 exstitit
1260 3390 1397 3454 lavora-

715 3491 794 3554 bilis
807 3489 1006 3554 auxiliator.

296 3653 347 3664 -
391 3617 445 3689 14,
459 3616 513 3678 sod
528 3636 645 3700 repe...
692 3613 810 3678 desum.

458 3713 607 3777 odoiduitc

294 3877 345 3887 -
390 3839 440 3911 15,
451 3846 486 3900 ut
497 3837 645 3901 certius..
693 3836 752 3898 sed
781 3836 900 3899 statim
930 3837 1003 3916 regi
1031 3834 1245 3912 adventanti,
1270 3835 1330 3918 qui
1358 3838 1395 3900 in

438 3936 647 4022 derogandum
714 3935 790 4017 ipso
808 3942 918 4011 erant,
935 3954 1010 3999 sese
1026 3936 1144 3999 statim
1163 3933 1395 4013 reddiderunt,

332 4093 399 4148 ¹Gai
408 4097 571 4162 adventanti]
589 4099 645 4147 Rex
656 4113 715 4148 vero
725 4098 769 4147 rix
785 4113 832 4160 per
857 4099 1001 4147 carissimas
1038 4112 1084 4158 per
1115 4096 1238 4145 famulum
1268 4098 1395 4158 quendam

295 4166 362 4216 diem
388 4169 458 4231 apud
488 4169 737 4218 westmonasterium
765 4183 831 4217 com·
856 4167 952 4216 dictum
969 4166 1115 4217 Galfridum
1134 4166 1271 4227 Hacksalt,
1290 4168 1336 4228 qui
1353 4182 1394 4216 mo

295 4252 405 4300 morans,
426 4239 471 4286 ubi
493 4240 611 4287 exenium
636 4239 669 4287 ab
691 4239 782 4287 abbate
804 4239 830 4286 S.
857 4239 1003 4299 scriptorem
1014 4251 1091 4298 super
1101 4236 1148 4284 hoo
1156 4236 1240 4284 reddit
1250 4238 1397 4298 certiorem

295 4307 390 4356 Albani
417 4308 533 4358 Guarino
562 4308 676 4369 suscepit
705 4308 831 4356 nobilissi·
858 4309 975 4368 misitque
993 4321 1039 4355 rex
1057 4306 1168 4368 regalem
1185 4306 1336 4355 oblationem
1354 4321 1396 4356 ec·

295 4391 374 4438 mum,
391 4378 452 4437 quio
463 4391 518 4426 sese
534 4378 732 4439 praecordialiter
742 4378 832 4439 dilige·
857 4378 943 4426 clesiae
954 4378 981 4426 S.
992 4377 1087 4424 Albani
1102 4390 1175 4425 suam
1191 4377 1337 4425 excusando
1351 4377 1395 4425 ab·

295 4447 364 4495 bant.
401 4447 475 4495 Misit
489 4448 556 4495 enim
573 4449 597 4496 ei
612 4453 721 4508 quatuor
736 4462 833 4509 cuppas
858 4448 972 4496 sentiam.
1009 4447 1052 4495 Ad
1069 4447 1097 4494 S.
1116 4445 1294 4494 Eadmundum
1313 4448 1395 4507 grstia

294 4521 426 4577 argenteus
441 4522 467 4565 et
478 4517 580 4565 totidem
592 4517 699 4566 annulos
709 4517 834 4565 nobilissi·
859 4517 978 4566 orationis
988 4521 1014 4564 et
1024 4516 1161 4577 gratiarum
1172 4516 1394 4575 persolvendarum

295 4601 349 4636 mos
361 4592 386 4635 et
397 4591 495 4636 centum
507 4587 649 4636 cochlearia
659 4593 684 4636 et
698 4601 774 4636 zonas
788 4601 834 4636 sex
858 4586 986 4648 perrexit3
1005 4587 1078 4635 caet
1091 4586 1124 4636 R.
