3384 5625
330 761 397 826 320
697 777 899 825 nncrronns
922 778 1057 826 vnarn.

329 957 582 1039 compatiendo,
604 977 739 1022 necnon
757 960 927 1023 unitatem
950 959 1103 1023 ecclesiae
1120 979 1192 1023 suae
1215 958 1430 1034 concordem,

330 1064 365 1122 et
380 1058 564 1121 discretum
582 1057 618 1120 in
634 1057 700 1122 hoc
717 1059 856 1140 negotio
879 1077 1089 1141 processum,
1112 1058 1356 1138 collaudando,
1383 1065 1429 1134 et,

330 1176 374 1221 ne
400 1176 455 1219 res
479 1157 597 1238 aliqua
623 1166 723 1239 parte
739 1158 979 1239 progressione
995 1177 1105 1238 usque
1121 1159 1165 1221 ad
1181 1160 1282 1221 finem
1297 1165 1431 1222 careret

330 1255 508 1333 laudabili,
523 1256 628 1330 dedit,
644 1262 683 1318 nt
699 1264 903 1337 praetactum
927 1263 991 1332 est,
1007 1257 1043 1319 in
1059 1258 1231 1321 mandatis
1249 1258 1379 1320 Eliensi
1395 1264 1430 1320 et

331 1355 541 1419 Londinensi
555 1355 737 1437 episcopis,
759 1362 799 1418 ut
823 1356 1022 1420 examinata
1039 1376 1188 1438 persona
1212 1358 1311 1420 electi
1329 1358 1430 1419 bene-

329 1454 490 1518 dictionis
506 1453 539 1516 ei
554 1454 756 1517 beneficium
773 1454 992 1536 largirentur,
1008 1456 1065 1519 vel
1081 1456 1257 1532 alteruter,
1276 1457 1305 1519 si
1328 1457 1429 1519 ambo

329 1555 496 1617 interesse
516 1573 585 1617 non
602 1554 768 1631 valerent,
790 1555 943 1618 scribens
966 1555 1094 1618 eisdem
1116 1557 1181 1619 sub
1206 1556 1271 1619 hac
1297 1555 1429 1636 forma3

331 1652 542 1733 ‘Gregorius
565 1654 759 1735 episcopuS,
781 1672 905 1717 servus
928 1673 1106 1718 servorum
1131 1656 1210 1731 Dei,
1225 1655 1430 1719 venerabili-

329 1756 394 1816 bus
420 1753 583 1816 fratribus
610 1752 740 1816 Eliensi
769 1760 804 1816 et
831 1752 1042 1816 Londinensi
1067 1755 1249 1837 episcopm,
1282 1754 1428 1817 salutem

329 1859 365 1916 et
375 1850 599 1932 apostolicam
615 1851 896 1915 benedictionem.
936 1852 1151 1916 Monasterio
1164 1853 1276 1916 sancti
1290 1851 1430 1930 Albani,

331 1950 581 2015 Lincolniensis
596 1949 753 2025 diocesis,
770 1951 860 2032 quod
876 1949 919 2013 ad
935 1951 1129 2015 Romanam
1140 1953 1320 2015 ecclesiam
1335 1953 1430 2016 nullo

328 2050 440 2114 medio
455 2049 616 2132 pertinet,
633 2050 768 2114 abbatis
785 2050 910 2114 solatio
925 2051 1103 2127 destituto,
1120 2051 1235 2115 dilecti
1260 2051 1322 2114 filii
1337 2052 1431 2133 prior

330 2156 365 2214 et
376 2156 568 2214 conventus
584 2148 693 2232 ipsius
708 2150 919 2227 monasterii,
936 2151 1026 2214 sicut
1040 2152 1246 2233 accepimus,
1265 2152 1430 2232 requisito

330 2249 438 2333 prius
462 2249 552 2313 sicut
566 2248 670 2313 moris
687 2256 752 2325 est,
775 2267 918 2313 assensu
941 2250 1036 2331 regio
1060 2257 1095 2314 et
1120 2252 1274 2325 obtento,
1295 2250 1430 2314 vocatis

330 2349 489 2413 omnibus
515 2349 575 2430 qui
608 2348 810 2424 debuerunt,
835 2349 1032 2426 voluerunt,
1067 2356 1103 2412 et
1128 2357 1315 2430 potuerunt
1338 2369 1430 2412 com·

331 2448 432 2511 mode
447 2447 626 2523 interesse,
639 2446 682 2509 de
698 2448 833 2510 abbatis
849 2447 955 2510 futuri
971 2448 1214 2511 substitutione
1228 2453 1429 2523 tractanteS,

331 2553 410 2630 post
437 2545 592 2609 diversos
613 2552 783 2610 tractatus
811 2546 1016 2628 quibusdam
1040 2546 1082 2609 de
1111 2545 1257 2627 collegio
1283 2545 1430 2626 eligendi

307 2684 311 2691 ·
331 2646 363 2710 ei
379 2646 537 2710 abbatem
552 2652 758 2727 potestatem
775 2646 964 2729 plenariam
980 2644 1429 2709 unanimiter'contulerunt.

333 2745 443 2811 Iidem
459 2764 543 2809 vero
558 2745 736 2822 electores,
757 2745 869 2809 Deum
896 2745 1061 2809 habentes
1083 2765 1155 2828 prae
1178 2744 1297 2820 oculiS,
1323 2744 1430 2807 colla·

331 2846 425 2911 tione
458 2864 562 2927 super
595 2844 661 2909 hoc
695 2853 730 2908 et
758 2843 1003 2909 deliberatione
1036 2845 1155 2908 habita
1190 2844 1358 2924 diligenti,
1394 2851 1429 2907 et

332 2944 481 3028 Spiritus
499 2944 619 3007 Sancti
642 2944 756 3023 gratia
779 2943 953 3019 invocata,
977 2944 1140 3007 dilectum
1162 2943 1270 3007 filium
1289 2943 1429 3007 fratrem

331 3043 527 3108 Johannem
548 3040 590 3103 de
607 3039 787 3117 Hertford,
811 3042 966 3126 ejusdem
987 3044 1186 3107 monasterii
1213 3043 1430 3120 monachum,

331 3143 456 3217 virum,
481 3147 521 3204 ut
537 3148 708 3217 asserunt,
731 3141 913 3223 providum
938 3149 973 3206 et
990 3143 1188 3218 discretum,
1211 3141 1308 3205 acin
1332 3143 1430 3223 spiri-

332 3241 483 3305 tualibus
510 3247 545 3303 et
571 3240 818 3322 temporalibus
846 3242 1142 3324 circumspectum,
1170 3247 1306 3303 etcum
1332 3242 1381 3304 eis
1409 3260 1431 3304 a

330 3360 438 3422 puero
469 3339 690 3403 laudabiliter
720 3348 973 3418 conversatum,
1003 3341 1040 3402 in
1066 3341 1225 3403 abbatem
1250 3358 1366 3402 eorum
1395 3347 1430 3403 et

331 3447 465 3522 patrem
480 3439 695 3503 concorditer
709 3446 744 3502 et
766 3441 930 3504 canonice
953 3440 1150 3519 elegerunt3
1177 3458 1322 3520 quorum
1346 3440 1430 3503 elec-

333 3538 462 3604 tionem
485 3539 672 3602 solenniter
694 3539 903 3620 publicatam
926 3538 1077 3603 universi
1099 3547 1134 3602 et
1156 3538 1283 3619 singuli
1307 3557 1432 3620 appro-

332 3639 456 3702 bantes
486 3637 584 3701 nobis
610 3655 672 3718 per
697 3637 840 3701 dilectos
868 3639 957 3701 filios
983 3637 1107 3701 fratres
1139 3636 1372 3718 Reginaldum
1397 3646 1433 3701 et

333 3735 531 3809 Nicolaum,
546 3734 732 3798 monachos
747 3743 782 3797 et
795 3737 934 3798 nuntios
950 3755 1044 3810 suos,
1056 3755 1097 3798 ac
1114 3736 1241 3810 literas,
1256 3733 1432 3797 humiliter

332 3832 626 3915 supplicaverunt,
654 3838 694 3894 ut
723 3850 801 3894 cum
826 3852 888 3913 per
916 3832 1063 3896 eundem
1093 3833 1288 3897 Johannem
1318 3835 1432 3915 gratia

331 3932 399 4014 ipsi
423 3930 631 3994 monasterio
659 3930 695 3993 in
723 3931 975 4014 spiritualibus
997 3938 1033 3996 et
1052 3932 1298 4016 temporalibus
1320 3932 1432 3996 incre-

237 4049 239 4053 ’
330 4037 459 4107 menta,
490 4036 710 4112 sperarentur
731 4038 873 4096 auctore
904 4032 980 4095 Deo
1011 4040 1232 4114 proventura,
1264 4038 1299 4095 et
1326 4034 1429 4096 rectis

332 4130 614 4212 dispositionibus
641 4130 727 4193 nibil
749 4130 873 4196 debeat
897 4129 1108 4195 difficultatis
1140 4131 1265 4206 afferri,
1291 4130 1431 4195 electio-

332 4249 410 4293 nem
426 4228 623 4311 hujusmodi
643 4228 843 4293 confirmare
861 4229 903 4293 de
931 4231 1143 4312 benignitate
1172 4229 1263 4293 sedis
1293 4238 1432 4312 aposto·

331 4328 409 4391 licae
432 4328 662 4409 dignaremur.
715 4328 812 4394 Licet
835 4330 943 4412 igitur
972 4330 1127 4411 praedicti
1155 4329 1266 4392 nuntii
1284 4329 1431 4393 sollicite

332 4446 445 4509 super·
463 4427 528 4491 hoc
557 4427 746 4492 institerint
770 4436 805 4493 et
831 4429 1027 4510 prudenter,
1052 4435 1087 4492 et
1114 4449 1188 4506 nos,
1221 4447 1283 4510 pro
1311 4430 1430 4492 eodem

331 4527 540 4592 monasterio
558 4526 704 4591 libenter
727 4528 914 4610 quodcum
937 4529 1014 4591 Deo
1041 4546 1224 4610 possumus
1246 4526 1358 4591 facere
1382 4529 1430 4590 in-
