3384 5625
350 772 416 837 818
723 787 924 836 nscrrouss
948 786 1081 836 vanis.

351 971 479 1035 nostris
500 969 622 1035 seriem
641 970 818 1036 electionis
840 977 969 1034 nostrae
992 968 1257 1046 continentibus,
1288 989 1392 1052 quam
1414 970 1451 1032 in

351 1071 497 1135 ecclesia
521 1078 641 1135 nostra
664 1072 707 1135 de
731 1071 838 1135 fratre
858 1070 1018 1134 Johaune
1040 1069 1082 1132 de
1105 1068 1308 1133 Hertfordia
1333 1089 1451 1132 mona-

352 1170 417 1233 cho
441 1177 560 1234 nostro
579 1170 719 1233 fecimus
737 1170 901 1235 canonice
924 1169 1101 1244 celebrari,
1126 1169 1169 1232 ad
1195 1169 1300 1251 pedes
1324 1169 1451 1232 sancti-

352 1270 434 1334 tatis
464 1278 589 1334 vestrae
620 1268 852 1348 destinamus3
889 1269 1053 1352 ipsosque
1095 1268 1139 1331 ad
1180 1268 1450 1332 confirmationis

351 1388 476 1432 munus
499 1388 521 1431 a
549 1368 630 1432 sede
655 1369 849 1450 apostolica
874 1368 1070 1449 petendum,
1097 1365 1200 1431 etad
1226 1368 1297 1430 alia
1323 1367 1449 1430 dictam

353 1468 554 1532 electionem
581 1474 735 1532 nostram
766 1468 1004 1548 contingentia
1033 1467 1259 1550 expedienda,
1287 1485 1450 1549 procura·

353 1575 446 1631 tores
464 1574 601 1631 nostros
624 1568 874 1631 constituimus.
928 1567 1060 1630 Ratum
1079 1574 1113 1630 et
1138 1573 1275 1647 gratum
1299 1565 1450 1629 habituri

352 1667 444 1750 quod
476 1686 537 1748 per
570 1666 665 1748 ipsos
695 1667 752 1730 vel
782 1686 899 1729 eorum
935 1666 1079 1729 alterum
1109 1666 1144 1727 in
1176 1666 1268 1728 dicto
1298 1666 1450 1746 negotio,

352 1766 487 1829 ratione
526 1767 668 1848 praevia,
707 1765 811 1828 fuerit
842 1764 1052 1847 expeditum.
1105 1765 1233 1828 Valeat
1264 1771 1298 1827 et
1332 1765 1452 1845 vigeat

353 1871 475 1928 sancta
496 1865 687 1946 paternitas
707 1871 824 1928 vestra
841 1883 976 1945 semper
993 1865 1028 1926 in
1046 1864 1218 1927 Domino!
1269 1863 1450 1927 Venerunt

353 1963 460 2044 igitur
477 1963 521 2027 ad
543 1964 673 2027 curiam
691 1963 885 2028 Romanam
910 1962 1003 2043 apud
1022 1962 1216 2040 Perusium,
1239 1970 1286 2039 et,
1312 1962 1450 2026 domino

352 2081 445 2144 papa
470 2063 644 2127 humiliter
669 2064 834 2139 salutato,
858 2061 1003 2126 formam
1028 2063 1205 2126 electionis
1221 2069 1256 2125 et
1278 2062 1326 2124 rei
1342 2068 1450 2142 gestae

353 2162 474 2225 seriem
495 2163 561 2225 sub
584 2162 638 2226 his
660 2163 769 2227 literis
794 2167 992 2225 contentam
1012 2167 1329 2243 praesentaverunt3
1352 2159 1451 2224 ‘Re-

352 2261 599 2326 verendissimo
622 2262 759 2326 domino
785 2268 821 2325 et
842 2261 935 2343 patri
957 2262 993 2323 in
1012 2259 1150 2324 Christo
1172 2261 1348 2324 carissimo
1366 2259 1451 2323 Gre-

341 2359 462 2439 ¹gorio,
479 2359 547 2421 Dei
564 2362 678 2439 gratia
697 2379 831 2423 summo
854 2359 1020 2441 pontifici,
1047 2359 1160 2422 devoti
1184 2358 1245 2420 filii
1267 2359 1333 2434 sui,
1358 2360 1453 2441 prior

353 2464 390 2520 et
404 2463 594 2521 conventus
611 2459 724 2522 sancti
743 2456 883 2532 Albani,
908 2463 980 2519 tam
998 2457 1157 2520 devotam
1178 2476 1282 2538 quam
1300 2458 1452 2521 debitam

351 2575 433 2620 cum
458 2557 584 2639 pedum
614 2557 732 2622 osculo
760 2556 999 2621 reverentiam.
1051 2555 1138 2619 Cum
1163 2555 1308 2618 ecclesia
1335 2564 1455 2621 nostra

354 2676 417 2738 per
431 2657 609 2720 decessum
620 2656 827 2721 venerabilis
843 2656 953 2738 patris
961 2653 1140 2729 Willelmi,
1155 2655 1254 2717 bonae
1269 2657 1454 2731 memoriae,

354 2757 528 2840 quondam
553 2757 689 2822 abbatis
709 2756 829 2832 nostri,
854 2756 913 2837 qui
931 2754 1023 2820 viam
1038 2755 1208 2819 universae
1223 2755 1336 2818 carnis
1351 2761 1453 2818 sexto

354 2856 517 2920 calendas
535 2857 656 2919 Martii
680 2863 733 2920 est
752 2857 941 2936 ingressus,
962 2855 1112 2935 pastoris
1136 2853 1259 2917 solatio
1288 2855 1452 2917 existeret

355 2955 535 3031 destituta,
556 2955 745 3019 certificato
761 2973 865 3034 super
882 2952 947 3017 boc
963 2953 1101 3016 domino
1116 2959 1232 3017 nostro
1247 2971 1339 3033 rege,
1357 2952 1451 3033 ipso·

355 3072 424 3134 que
454 3054 552 3116 nobis
585 3052 733 3133 eligendi
763 3051 939 3115 licentiam
977 3052 1198 3128 concedente,
1239 3071 1314 3128 nm,
1348 3058 1453 3133 prout

357 3151 532 3235 potuimus
557 3152 661 3215 citius
683 3160 718 3214 et
741 3151 949 3232 expeditius
966 3151 1122 3215 volentes
1148 3152 1337 3215 animarum
1362 3151 1453 3233 peri-

353 3251 444 3314 culis
471 3269 650 3315 occurrere
673 3257 709 3313 et
736 3250 889 3314 ecclesiae
915 3257 1043 3314 nostrae
1068 3249 1349 3314 indemnitatibus
1372 3269 1452 3331 pro-

356 3349 482 3426 videre,
500 3349 555 3412 his
579 3350 736 3413 omnibus
761 3350 857 3431 prius
873 3351 938 3413 sub
959 3349 1167 3432 competenti
1188 3348 1271 3412 data
1290 3349 1456 3411 dilatione

357 3449 524 3525 evocatis,
542 3450 601 3530 qui
624 3449 815 3512 debuerunt
838 3454 873 3512 et
888 3449 1074 3512 voluerunt
1098 3455 1351 3530 potueruntque
1374 3466 1454 3510 nos·

357 3555 422 3611 trae
453 3548 612 3612 electioni
641 3547 818 3613 commode
847 3548 1026 3623 interesse,
1055 3547 1098 3610 ad
1131 3547 1325 3628 eligendum
1356 3547 1455 3610 nobis

357 3654 532 3729 pastorem
562 3646 651 3709 diem
678 3654 810 3711 certum
839 3646 1051 3727 praefiximus
1081 3646 1117 3708 in
1145 3647 1294 3709 crastino
1323 3665 1455 3709 annun·

357 3747 518 3809 ciationis
539 3747 651 3808 beatae
675 3744 844 3824 Virginis.
895 3742 1111 3806 Adveniente
1137 3750 1252 3806 autem
1280 3743 1346 3820 die,
1371 3763 1455 3825 prae·

355 3843 512 3907 sentibus
534 3841 600 3917 his,
627 3843 686 3922 qui
712 3849 854 3923 propter
878 3839 943 3904 hoc
963 3840 1101 3904 fuerant
1123 3841 1269 3917 evocati,
1296 3842 1454 3924 aliisque,

359 3948 509 4006 tractare
529 3941 697 4022 coepimus
720 3947 756 4004 et
772 3939 937 4003 conferre.
990 3938 1048 4016 Et,
1066 3940 1147 4022 quia
1163 3959 1218 4003 res
1234 3941 1402 4023 praedicta
1415 3959 1456 4003 eo

360 4042 416 4105 die
435 4061 504 4105 non
529 4041 642 4124 potuit
660 4039 827 4123 expediri,
851 4040 886 4102 in
910 4040 1075 4116 crastino,
1100 4047 1139 4103 ut
1162 4040 1204 4103 de
1227 4039 1347 4104 eodem
1366 4047 1456 4102 trac-

358 4147 523 4218 taremus,
547 4141 693 4221 ingressi
717 4157 835 4204 sumus
861 4138 1051 4220 capitulum
1078 4140 1227 4218 iterat03
1258 4146 1293 4202 et
1316 4138 1455 4213 ibidem,

357 4247 437 4320 post
453 4240 520 4303 Dei
535 4240 751 4303 clementiam
767 4258 871 4320 super
887 4237 953 4301 hoc
968 4237 1232 4301 misericorditer
1245 4238 1456 4314 invocatam,

360 4344 508 4402 tractare
539 4338 707 4421 coepimus
742 4338 784 4401 de
814 4336 1005 4419 praemisso,
1057 4336 1104 4399 Et
1135 4336 1274 4400 tandem
1298 4337 1335 4398 in
1368 4336 1457 4400 banc

358 4436 507 4517 eligendi
534 4455 630 4520 spem
656 4436 740 4501 viris
769 4437 870 4499 bonis
903 4436 946 4501 de
975 4434 1121 4516 collegio
1153 4442 1272 4499 nostro
1301 4435 1457 4517 plenaria

358 4534 441 4600 data
460 4535 573 4598 fuerat
597 4542 751 4619 potestas
777 4542 813 4598 et
837 4534 977 4613 collata,
1002 4533 1095 4617 quod
1118 4532 1185 4615 ipsi
1213 4554 1275 4617 pro
1297 4534 1455 4597 omnibus
