3384 5625
362 751 428 817 302
733 765 934 814 cucurouns
960 765 1093 814 varum

364 949 442 1013 loca
458 967 523 1012 sua
538 949 629 1025 illos,
652 948 711 1030 qui
727 948 864 1030 signum
883 947 995 1013 crucis
1012 948 1256 1030 deposuerunt,
1280 966 1466 1026 resumere,

364 1068 405 1112 ac
429 1055 500 1111 tam
529 1048 624 1131 ipsos
647 1068 751 1130 quam
771 1047 858 1111 alios
881 1046 1160 1128 crucesignatos
1185 1054 1219 1111 et
1242 1066 1330 1129 quos
1353 1048 1467 1111 adhuc

364 1148 495 1228 signari
509 1148 705 1229 contigerit,
726 1146 771 1211 ad
793 1145 1003 1210 reddendum
1031 1146 1182 1210 Domino
1203 1152 1287 1210 vota
1307 1166 1372 1211 sua
1393 1148 1467 1211 dili-

365 1252 488 1327 genter
504 1254 667 1310 moneant
683 1254 719 1310 et
733 1247 910 1310 inducant.
969 1244 1155 1322 Caeterum,
1170 1246 1253 1328 quia
1269 1247 1413 1310 cursarii
1431 1253 1467 1311 et

364 1344 488 1427 piratae
511 1346 613 1409 nimis
632 1345 825 1427 impediunt
845 1344 1037 1409 subsidium
1063 1344 1181 1409 Terrae
1203 1353 1346 1421 sanctae,
1374 1346 1466 1428 capi-

366 1444 454 1508 endo
479 1451 514 1508 et
536 1444 717 1527 spoliando
741 1450 960 1508 transeuntes
980 1442 1024 1507 ad
1045 1443 1139 1507 illam
1156 1450 1191 1508 et
1206 1445 1250 1508 ab
1273 1444 1335 1507 illa
1354 1465 1467 1508 rever-

365 1549 491 1620 tentes,
516 1563 579 1607 nos
604 1562 664 1607 eos
687 1550 722 1607 et
746 1543 954 1626 principales
974 1543 1151 1626 adjutores
1174 1550 1209 1607 et
1226 1543 1378 1607 fautores
1403 1563 1465 1607 ex·

365 1641 685 1707 communicationis
701 1642 841 1707 vinculo
858 1642 1084 1721 innodamus3
1107 1643 1171 1705 sub
1187 1643 1466 1707 interminatione

366 1742 596 1806 anathematis
617 1742 825 1817 inhibentes,
852 1761 895 1804 ne
921 1743 1099 1824 quiscum
1125 1740 1175 1805 eis
1202 1742 1350 1805 scienter
1370 1763 1464 1807 com-

365 1842 517 1905 municet
542 1841 579 1904 in
604 1841 722 1923 aliquo
743 1840 950 1906 venditionis
977 1841 1032 1904 vel
1056 1840 1239 1924 emptionis
1260 1848 1464 1921 contractu3

365 1939 584 2022 injungentes
601 1941 792 2005 rectoribus
813 1940 994 2004 civitatum
1016 1947 1051 2004 et
1067 1940 1221 2004 locorum
1247 1960 1399 2017 suorum,
1425 1951 1465 2005 ut

367 2058 427 2103 eos
456 2041 500 2103 ab
527 2039 593 2104 hac
621 2040 805 2122 iniquitate
831 2046 994 2103 revocent
1022 2046 1057 2103 et
1082 2046 1314 2122 compescant.
1366 2038 1466 2104 Alio·

366 2139 463 2221 quin,
493 2140 575 2222 quia
606 2139 697 2203 nolle
729 2139 931 2221 perturbare
961 2158 1142 2221 perversos
1174 2139 1258 2202 nibil
1288 2138 1382 2202 aliud
1411 2146 1465 2203 est

366 2256 471 2320 quam
489 2238 617 2312 fovere,
638 2258 702 2302 nec
723 2245 841 2302 carent
856 2238 1018 2320 scrupulo
1037 2237 1213 2302 societatis
1236 2237 1381 2302 occultae
1405 2239 1466 2320 qui

366 2336 549 2401 manifesto
583 2337 727 2400 facinori
759 2337 874 2400 desint
900 2337 1052 2413 obviare,
1083 2356 1146 2400 nos
1174 2336 1210 2399 in
1241 2356 1405 2419 personas
1430 2345 1467 2401 et

365 2440 478 2498 terras
505 2455 624 2499 eorum
646 2436 865 2499 severitatem
887 2435 1156 2500 ecclesiasticam
1181 2436 1375 2500 curavimus
1405 2455 1463 2498 ex-

365 2553 492 2608 ercere,
518 2554 595 2599 curn
623 2534 711 2597 tales
736 2554 805 2598 non
830 2533 943 2598 minus
967 2553 1072 2617 quarn
1098 2535 1261 2599 Saraceni
1283 2533 1466 2598 adversen-

367 2638 425 2697 tur
459 2633 589 2697 nomini
621 2632 827 2698 Christiano.
882 2634 1097 2699 Innovamus
1127 2641 1298 2717 praeterea
1327 2653 1466 2698 excom-

367 2734 610 2797 municationis
625 2734 845 2809 sententiam,
860 2733 897 2795 in
911 2733 1084 2797 Laterano
1101 2733 1247 2797 concilio
1270 2734 1468 2817 promulga-

369 2839 452 2910 tam,
471 2834 635 2898 adversus
652 2852 711 2897 eos
728 2833 788 2916 qui
805 2833 985 2896 Saracenis
1007 2853 1114 2910 arma,
1139 2833 1279 2908 ferrum,
1302 2841 1337 2895 et
1352 2832 1467 2913 ligna·

368 2933 461 2996 mina
488 2933 646 2996 deferunt
664 2932 865 3014 galeiarum,
890 2931 1017 3015 quique
1038 2932 1074 2994 in
1100 2931 1254 3013 piraticis
1274 2930 1468 2995 Saraceno-

369 3050 444 3092 rum
465 3033 610 3095 navibus
636 3051 754 3094 curam
775 3031 1032 3113 gubernationis
1057 3035 1233 3106 exercent,
1248 3030 1305 3093 vel
1331 3031 1368 3093 in
1393 3051 1468 3094 ma-

369 3129 479 3192 chinis
502 3131 560 3194 vel
581 3130 791 3213 quibuslibet
815 3132 893 3195 aliis
916 3127 1056 3212 aliquod
1084 3129 1134 3193 eis
1155 3129 1359 3211 impendunt
1384 3149 1468 3194 con·

368 3228 554 3293 siliumvel
570 3231 749 3305 auxilium,
763 3230 799 3292 in
816 3231 936 3294 Terrae
951 3235 1082 3293 sanctae
1096 3227 1325 3311 dispendium,
1341 3248 1468 3312 eosque

368 3347 482 3391 rerum
497 3347 637 3393 suarum
653 3330 846 3412 privatione
862 3329 1034 3406 mulctari,
1050 3335 1086 3392 et
1102 3328 1312 3411 capientium
1335 3347 1467 3401 servos,

368 3427 400 3491 si
429 3428 522 3510 capti
554 3428 693 3505 fuerint,
721 3429 794 3493 fore
825 3447 1029 3507 censemus;
1068 3428 1307 3510 praecipientes
1337 3435 1376 3490 ut
1406 3447 1470 3510 per

369 3545 488 3590 omnes
511 3529 612 3592 urbes
639 3527 791 3591 marinas
813 3528 934 3591 diebus
952 3526 1146 3591 Dominicis
1163 3534 1198 3590 et
1213 3526 1347 3590 festivis
1362 3525 1467 3610 hujus

370 3627 543 3690 sententia
571 3627 706 3708 publice
734 3626 929 3690 innovetur.
983 3626 1029 3690 Et
1053 3626 1180 3689 talibus
1207 3626 1374 3706 gremium
1398 3644 1467 3689 non

370 3725 545 3804 aperiatur
561 3725 727 3800 ecclesiae,
743 3725 810 3786 nisi
835 3730 959 3798 totum,
982 3723 1076 3804 quod
1098 3724 1141 3786 de
1164 3724 1369 3788 commercio
1395 3730 1467 3788 tam

369 3821 556 3884 damnabili
573 3821 798 3902 perceperint,
816 3821 853 3883 in
865 3819 1054 3883 subsidium
1073 3819 1192 3884 Terrae
1207 3830 1338 3886 sanctae
1355 3830 1469 3887 trans·

369 3918 519 3996 mittant,
537 3928 576 3983 ut
597 3939 696 4002 aequo
716 3918 860 4003 judicio,
884 3919 920 3981 in
937 3937 1006 4001 quo
1033 3919 1250 4002 deliquerint,
1268 3923 1468 4003 puniantur.

371 4017 474 4097 Quod
492 4020 522 4083 si
541 4019 631 4084 forte
652 4020 818 4083 solvendo
841 4018 1094 4084 satisfacientes
1115 4039 1185 4083 non
1206 4020 1345 4097 fuerint,
1364 4015 1471 4086 ¹sicut

370 4119 458 4182 alias
479 4126 598 4183 reatus
624 4119 745 4183 talium
778 4120 962 4200 castigare,
993 4119 1085 4201 quod
1114 4120 1151 4182 in
1179 4138 1284 4201 poena
1315 4120 1470 4202 ipsorum

370 4217 448 4281 aliis
473 4218 699 4283 interdicatur
724 4219 870 4283 audacia
900 4219 1062 4282 similium
1086 4218 1323 4301 praesnmendi.
1378 4218 1471 4298 Quia

369 4336 452 4380 vero
485 4318 529 4381 ad
564 4318 630 4382 hoc
661 4319 837 4399 negotium
872 4318 1131 4401 exsequendum
1166 4325 1220 4382 est
1255 4319 1470 4400 permaxima

371 4471 415 4592 w¹
427 4471 702 4593 ⁸⁵⁶¹‘l1.··⁶⁰;‘1}⁴¹‘⁰·]
721 4477 763 4526 sn
774 4477 839 4525 anas
850 4481 936 4528 reatus
947 4451 1037 4527 mrem
1048 4477 1203 4540 catagam
1222 4477 1319 4529 conon.
1330 4478 1393 4530 enit.
1405 4479 1470 4543 aeg.

397 4558 571 4606 m.xxv1u.p.
633 4580 640 4595 .
