3384 5625
635 813 837 861 nucrrouus
862 814 995 862 vnnrm.
1330 799 1374 864 83

265 993 414 1057 titudine
436 1001 472 1058 et
488 990 681 1060 humilitate
700 995 830 1060 Christi
852 996 1010 1062 sublatus
1031 1004 1096 1074 est,
1119 997 1265 1079 fusoque
1288 1015 1368 1060 san·

264 1094 370 1173 guine
404 1093 478 1157 siue
508 1095 622 1178 culpa,
653 1096 804 1160 omnium
839 1096 951 1178 culpae
988 1115 1010 1159 a
1038 1097 1215 1161 servitutis
1246 1096 1368 1178 chyro-

264 1192 397 1275 grapho
413 1203 495 1258 sunt
508 1194 642 1259 deletae.
693 1195 811 1262 Alium
830 1195 999 1279 siquidem
1022 1196 1266 1279 redemptionis
1291 1216 1364 1261 mo·

264 1292 344 1355 dum
365 1301 501 1375 poterat
519 1295 689 1359 Dominus
712 1314 926 1378 procurasse,
948 1294 1009 1359 sed
1035 1296 1150 1360 nullus
1177 1315 1250 1361 suae
1269 1297 1367 1359 honi-

264 1393 330 1456 tati
360 1400 557 1477 nostraeque
593 1395 697 1459 saluti
731 1395 978 1476 congruentior
1015 1398 1227 1461 occurrebat.
1279 1395 1365 1460 Cum

264 1492 354 1555 enim
372 1492 474 1557 homo
486 1494 593 1577 juxta
612 1514 685 1558 suae
705 1495 1001 1577 praevaricationis
1018 1496 1228 1577 exigentiam
1244 1502 1367 1577 captus

264 1611 287 1654 a
305 1591 443 1656 diaholo
461 1599 647 1671 teneretur,
665 1595 866 1677 postulabat
881 1594 1021 1678 justitia
1036 1601 1075 1658 ut
1093 1616 1161 1659 non
1179 1593 1368 1677 eriperetur

264 1710 325 1772 por
338 1691 546 1757 violentiam.
586 1693 653 1757 Sed
668 1694 751 1776 quia
764 1714 825 1777 per
838 1694 1033 1776 superbiam
1047 1695 1167 1777 lapsus
1182 1701 1247 1770 est,
1261 1712 1324 1756 sua
1335 1696 1365 1758 si

264 1798 392 1871 posset,
402 1791 461 1855 sed
480 1794 563 1876 quia
577 1812 641 1857 sua
654 1814 722 1857 non
739 1801 888 1875 poterat,
901 1792 1014 1857 aliena
1029 1794 1151 1856 saltem
1171 1793 1364 1857 humilitate

263 1898 469 1971 resurgeret.
530 1892 589 1956 Ita
619 1892 779 1957 Christus
808 1894 983 1970 innocens,
1013 1913 1115 1976 quem
1143 1911 1254 1974 agnus
1286 1912 1365 1975 pas·

263 1988 372 2053 chelis
388 1991 423 2054 in
445 1990 523 2074 lege
536 1992 805 2073 significaverat,
825 2013 863 2057 se
880 2013 943 2076 pro
961 1994 1058 2057 uobis
1075 1993 1223 2057 hostiam
1238 1992 1364 2055 obtulit

261 2088 460 2155 salutarem.
513 2090 669 2175 Cumque
691 2092 749 2156 lex
770 2093 906 2175 Moysis
931 2111 1070 2175 capram
1087 2092 1142 2156 vel
1164 2111 1263 2155 ovem
1284 2110 1364 2155 con-

262 2188 434 2255 stituisset
454 2191 602 2274 pretium
626 2193 670 2256 ad
691 2193 960 2275 redemptionem
988 2191 1135 2256 hominis
1161 2210 1183 2255 a
1208 2198 1364 2273 peccato,

264 2285 436 2365 Christus,
454 2310 631 2375 perquem
653 2294 766 2374 gratia
783 2300 818 2356 et
834 2293 964 2357 veritas
985 2291 1080 2355 facta
1102 2298 1168 2369 est,
1183 2290 1364 2355 attendens

263 2389 464 2453 umbratiles
494 2390 582 2473 legis
613 2391 824 2456 ceremonias
856 2411 924 2456 uon
949 2389 1105 2455 sufficere
1131 2392 1175 2455 ad
1205 2390 1362 2466 salutem,

263 2486 480 2572 hominisque
506 2492 768 2555 aestimationem
796 2491 905 2574 pluris
932 2490 1062 2555 faciens
1087 2510 1189 2573 quam
1222 2492 1362 2571 sangui·

263 2607 342 2651 nem
374 2589 521 2673 alicujus
559 2591 644 2654 hirci
676 2599 738 2655 aut
767 2591 869 2655 vituli
901 2591 1116 2671 sanguinem,
1153 2596 1188 2653 et
1220 2597 1363 2653 mortem

261 2704 361 2751 suam
381 2708 444 2771 pro
471 2696 588 2754 nostra
613 2691 726 2754 salute
743 2690 900 2754 contulit.
947 2689 993 2753 Et
1011 2690 1062 2753 sic
1081 2688 1186 2752 semel
1208 2688 1365 2752 introivit

261 2786 298 2851 iu
326 2795 448 2854 sancta
479 2808 633 2854 summus
664 2797 699 2855 et
726 2808 828 2854 verus
859 2788 1027 2872 pontifex,
1053 2798 1184 2853 aeterna
1209 2787 1365 2870 redemp-

262 2887 355 2952 tione
370 2889 524 2954 inventa.
575 2889 725 2974 Aperuit
740 2891 858 2972 itaque
873 2889 998 2953 librum
1014 2896 1049 2953 et
1063 2889 1168 2953 solvit
1185 2887 1364 2970 signacula

260 2987 335 3072 ejus
352 2988 407 3053 leo
421 2990 464 3053 de
478 2989 570 3054 trihu
581 2989 605 3054 J
607 2991 696 3070 uda3
719 2997 766 3066 et,
777 2989 869 3072 quod
882 2989 1005 3053 hostiae
1020 2988 1149 3070 legales
1159 3007 1227 3052 uon
1238 2994 1361 3070 potue·

261 3095 355 3166 runt,
375 3089 528 3170 gladium
544 3092 675 3155 amovit
690 3090 901 3167 versatilem,
923 3098 958 3154 et
977 3086 1149 3164 Paradisi,
1174 3087 1233 3171 qui
1254 3087 1364 3152 omni·

262 3188 326 3252 hus
356 3190 507 3273 antiquis
536 3190 675 3254 clausus
700 3191 825 3266 fuerat,
855 3188 1022 3254 reseravit
1047 3189 1252 3269 ingressum.
1304 3186 1362 3250 Sic

160 3331 163 3336 -
263 3287 345 3351 olim
358 3288 393 3351 in
408 3297 523 3354 monte
545 3291 671 3353 summi
685 3289 859 3372 pontificis
881 3288 970 3352 solet
985 3288 1047 3365 illi,
1062 3285 1123 3369 qui
1141 3286 1185 3350 ad
1202 3286 1361 3349 civitates

262 3387 386 3469 refugii
403 3389 616 3470 confugeret,
636 3407 780 3453 securus
802 3387 846 3451 ad
873 3387 1014 3470 propria
1036 3387 1166 3450 reditus
1180 3384 1362 3465 indulgeri.
1396 3403 1398 3408 ·

262 3485 355 3551 Olim
385 3497 611 3554 consueverat
633 3490 736 3554 homo
754 3487 892 3552 causari
919 3492 954 3550 et
983 3487 1107 3561 dicere,
1134 3483 1228 3549 ‘Cur
1253 3481 1363 3563 exigit

260 3605 282 3651 a
298 3606 354 3650 me
370 3587 542 3652 Dominus
556 3588 704 3672 amplius
721 3608 825 3672 quam
840 3607 862 3652 a
879 3586 1015 3651 caeteris
1029 3584 1221 3650 creaturis?
1269 3578 1362 3661 Quid

261 3705 324 3770 pro
340 3706 395 3750 me
411 3686 520 3752 secitl
573 3686 666 3767 Quid
682 3709 745 3772 pro
761 3709 815 3753 me
827 3687 999 3752 laboravit
1012 3685 1039 3751 l'
1091 3684 1194 3748 Dixit
1210 3689 1246 3747 et
1257 3683 1362 3747 ‘Fac-

261 3794 317 3851 tus
342 3806 418 3851 sum
445 3787 535 3852 sicut
553 3787 713 3871 jumenta
734 3797 769 3853 et
791 3791 944 3864 arbores
970 3795 1005 3851 et
1024 3793 1150 3851 caetera
1178 3785 1362 3861 universa3

258 3886 308 3950 sic
339 3904 414 3950 suae
445 3888 611 3969 potentiae
641 3898 727 3952 nutu
756 3888 900 3971 soloque
927 3887 1096 3970 jussionis
1131 3885 1272 3949 arbitrio
1306 3901 1360 3946 me

260 3987 414 4051 creavit!
464 3987 532 4051 Sed
544 3987 618 4070 jam
636 3990 850 4053 obstructum
867 3995 921 4051 est
939 4006 978 4050 os
999 3986 1212 4069 loquentium
1231 3983 1361 4064 iniqua,

260 4093 295 4150 et
319 4086 394 4170 jam
426 4087 555 4152 homiui
593 4086 810 4151 dissimulare
847 4106 917 4151 non
947 4085 1029 4149 licet
1062 4091 1193 4167 quanta
1224 4101 1287 4163 pro
1318 4101 1359 4144 eo

261 4185 431 4250 Dominus
452 4187 582 4264 fecerit,
608 4187 667 4270 qui
691 4194 730 4250 ut
746 4206 883 4250 servum
907 4185 1087 4249 redimeret
1112 4181 1251 4264 proprio
1271 4180 1360 4242 Filio

260 4304 328 4348 nou
346 4288 510 4368 pepercit.
562 4287 673 4352 Porro
690 4287 726 4350 in
743 4285 807 4349 hac
824 4292 952 4349 nostrae
968 4283 1090 4348 salutis
1105 4279 1361 4364 dispensatione

260 4384 398 4451 dilectio
414 4386 543 4450 Christi
567 4387 667 4452 nohis
695 4385 894 4449 medullitus
916 4383 1075 4448 intimata
1101 4388 1166 4458 est,
1192 4380 1252 4462 qui
1281 4399 1357 4444 cum

260 4484 295 4547 in
317 4485 394 4566 lege
418 4487 586 4568 M‘osayca
611 4485 828 4550 dilectionem
854 4484 919 4548 Dei
939 4491 975 4547 et
998 4483 1147 4565 proximi
1172 4481 1303 4545 dederit
1325 4481 1360 4542 in

260 4586 443 4662 mandatis,
467 4587 608 4650 eandem
638 4588 673 4649 in
695 4585 813 4650 schola
843 4583 1053 4667 evangelicoe
1078 4581 1268 4663 disciplinae
1294 4578 1360 4641 fre-

1172 4688 1188 4720 c
1206 4679 1221 4722 2
