3384 5625
330 786 375 850 62
707 798 905 846 uncrrosns
932 798 1063 846 viarm.

343 926 401 963 PAO.
430 926 482 962 Lm.

337 985 413 1063 207,
452 985 481 1063 7,
500 985 638 1050 Blasaaai
736 984 933 1049 Blesentiae.

335 1148 387 1157 -
431 1113 485 1187 22,
501 1111 614 1195 Brapas
739 1108 890 1188 Bruges.

336 1270 388 1280 -
432 1235 484 1308 23,
499 1231 625 1296 Robusti
738 1229 828 1293 doust.

337 1358 412 1433 208,
429 1358 483 1433 21,
497 1356 668 1419 trucidavit
737 1351 830 1415 addit
854 1350 982 1428 Paris,
1004 1350 1106 1416 Circa
1130 1352 1249 1415 eadem
1275 1369 1443 1416 annorum

761 1459 929 1532 tempora,
951 1450 1005 1513 die
1023 1452 1135 1514 sancti
1151 1450 1174 1514 J
1178 1451 1323 1514 ohannis
1337 1471 1444 1514 evan-

762 1550 896 1631 gelistae
909 1549 1041 1612 scilicet
1053 1552 1090 1612 in
1099 1550 1219 1626 natali,
1232 1550 1389 1613 exierant
1398 1551 1443 1613 ab

763 1648 904 1711 abbatia
922 1656 1053 1712 sanctae
1071 1648 1196 1712 Mariae
1218 1649 1378 1725 Eboraci,
1403 1649 1445 1711 li-

763 1748 878 1811 centia
908 1748 1055 1823 abbatis,
1086 1748 1180 1829 prior
1213 1753 1249 1809 et
1281 1749 1443 1829 supprior

763 1846 917 1929 ejusdem
934 1847 1069 1922 domus,
1089 1865 1166 1909 cum
1184 1845 1342 1928 plurimis
1362 1848 1443 1909 obe·

764 1944 968 2019 dientiariis,
982 1946 1032 2008 ita
1046 1945 1138 2028 quod
1155 1944 1318 2008 tredecim
1332 1954 1443 2022 erant,

763 2049 958 2124 quaerentes
969 2044 1035 2106 sibi
1049 2043 1259 2107 mansionem
1272 2044 1444 2121 idoneam,

763 2142 919 2206 volentes
943 2142 1049 2206 vitam
1074 2149 1208 2205 arctare
1231 2149 1266 2205 et
1287 2141 1445 2206 habitum

763 2248 911 2318 mutare,
927 2242 1018 2305 sicut
1033 2240 1188 2304 fecerunt
1204 2242 1255 2303 illi
1267 2241 1356 2322 nigri
1372 2261 1446 2305 mo·

764 2337 878 2415 nachi,
910 2340 969 2421 qui
1003 2338 1267 2403 cisterciensem
1292 2338 1446 2403 ordinem

763 2437 1025 2515 inchoaverunt,
1041 2438 1164 2519 quibus
1178 2438 1307 2502 diotum
1321 2445 1374 2501 est
1388 2438 1447 2502 de·

764 2556 869 2619 super
886 2534 1114 2613 ‘ciestanus’
1129 2536 1221 2618 quod
1235 2544 1288 2600 est
1301 2536 1444 2614 dictum,

764 2635 860 2699 ‘Hic
883 2636 1050 2714 manete3'
1085 2641 1119 2699 et
1151 2655 1228 2699 oum
1261 2634 1345 2699 dicti
1376 2644 1445 2700 tre·

764 2734 874 2799 decim
891 2736 1066 2799 venissent
1083 2733 1127 2797 ad
1144 2734 1314 2817 quendam
1331 2734 1445 2798 locum

765 2834 916 2898 horroris
944 2842 979 2898 et
1006 2841 1116 2897 vastae
1143 2835 1349 2911 solitudinis,
1377 2835 1445 2897 soi·

764 2932 845 2996 licet
880 2934 916 2996 in
948 2933 1140 2996 convallem
1174 2932 1379 3015 profundam
1410 2941 1446 2998 et

765 3050 923 3113 opacam,
939 3050 1017 3113 quae
1033 3031 1104 3095 fere
1117 3032 1226 3094 tribus
1241 3031 1445 3096 milliaribus

766 3129 875 3193 distat
900 3148 921 3194 a
951 3130 1082 3212 Ripun‚
1112 3136 1291 3212 coeperunt
1318 3131 1444 3194 ibidem

764 3227 922 3293 habitare
950 3230 986 3292 in
1017 3249 1151 3292 summa
1178 3236 1384 3312 paupertate
1412 3236 1447 3292 et

765 3329 944 3392 ecclesiam
954 3328 1135 3415 fabricare,
1147 3336 1183 3392 et
1191 3336 1333 3411 propter
1343 3347 1447 3411 quos-

764 3426 844 3490 dam
855 3427 979 3503 fontes,
993 3445 1080 3510 quos
1096 3433 1310 3509 repererunt,
1322 3446 1446 3491 nomen

764 3526 1004 3606 imposuerunt
1019 3531 1029 3559 ‘
1044 3525 1100 3589 De
1118 3525 1311 3601 Fontibus,’
1337 3535 1372 3590 et
1392 3527 1444 3588 in·

764 3623 837 3685 dies
853 3642 994 3687 numero
1008 3630 1044 3687 et
1054 3625 1329 3706 possessionibus
1341 3624 1446 3688 mira·

764 3720 879 3784 biliter
892 3728 1087 3786 creverunt.

345 3847 420 3919 210,
438 3845 490 3918 14,
505 3842 684 3906 tarmiaauit
744 3844 1007 3909 terminabatur.

343 4000 394 4011 --
439 3967 489 4043 19,
505 3964 695 4029 eluctata-
742 3967 834 4031 addit
851 3966 976 4047 Paris,
993 3990 1100 4053 nepos
1117 3970 1262 4035 Henrici
1279 3970 1382 4052 regis.

506 4085 549 4127 sas

345 4189 419 4263 211,
439 4191 490 4264 20,
507 4187 665 4251 aoroaaoit
743 4187 836 4252 addit
863 4189 990 4269 Paris,
1015 4192 1187 4257 Dedicata
1218 4203 1271 4259 est
1301 4196 1448 4260 ecclesia

509 4287 545 4348 ia
561 4307 658 4369 rapam
767 4286 897 4353 Christi
926 4290 1210 4371 cantuariensis3
1247 4293 1357 4377 Hugo
1388 4298 1447 4359 ab·

766 4387 829 4448 bas
845 4388 1080 4471 Redingensis
1101 4391 1136 4452 in
1152 4391 1447 4476 archiepiscopum

767 4483 1083 4569 Rothomagensem
1098 4489 1249 4570 eligitur.

344 4633 396 4642 —
440 4600 491 4673 28,
508 4599 543 4661 ia
563 4599 677 4662 Cilicia
744 4605 861 4669 domat.
