3384 5625
684 790 885 838 nncrrorurs
909 791 1042 839 viarm.
1112 778 1115 784 ’
1347 778 1413 842 247

310 969 494 1045 dicatione,
512 988 615 1050 quam
641 968 784 1046 faciunt,
812 970 881 1033 sint
897 968 1098 1033 examinata
1114 977 1150 1033 et
1169 978 1267 1034 casta
1291 992 1408 1038 eorum

308 1068 459 1150 eloquia,
483 1070 527 1133 ad
548 1068 731 1133 utilitatem
754 1077 789 1133 et
809 1068 1071 1132 aedificationem
1094 1070 1225 1152 populi,
1249 1076 1408 1137 annunti-

308 1167 399 1230 ando
417 1168 467 1231 eis
482 1167 568 1231 vitia
584 1175 619 1231 et
636 1168 794 1243 virtutes
812 1188 951 1251 poenam
969 1176 1004 1232 et
1022 1167 1183 1249 gloriam,
1200 1189 1277 1233 cum
1294 1172 1409 1236 brevi-

308 1274 381 1330 tate
402 1267 591 1347 sermonis;
615 1268 696 1350 qnia
713 1269 855 1333 verbum
878 1266 1114 1332 abbreviatum
1139 1268 1221 1334 fecit
1236 1268 1407 1335 Dominus

306 1385 410 1448 super
424 1372 564 1431 terram.

522 1532 571 1596 De
586 1530 834 1595 admonitiones
849 1531 1033 1597 correctione
1038 1533 1196 1616 fratruae.

356 1664 529 1741 ‘Fratres
557 1663 616 1747 qui
640 1669 722 1727 sunt
744 1663 892 1726 ministri
914 1671 949 1727 et
965 1664 1057 1728 servi
1079 1664 1224 1728 aliorum
1247 1665 1405 1745 fratrum,

306 1765 448 1828 visitent
473 1772 509 1828 et
530 1771 692 1827 moneant
713 1762 838 1826 fratres
865 1782 946 1826 suos
968 1763 1143 1826 humiliter
1165 1771 1199 1826 et
1223 1766 1404 1830 caritative

305 1864 481 1944 corrigant
495 1883 572 1943 eos3
597 1881 666 1926 non
684 1862 922 1943 praecipientes
944 1863 993 1925 eis
1008 1862 1136 1944 aliquid
1153 1862 1245 1944 quod
1261 1864 1307 1927 sit
1323 1885 1405 1928 con-

307 1970 360 2025 tra
389 1964 536 2026 animam
560 1981 658 2025 suam
686 1970 721 2026 et
745 1960 902 2042 regulam
925 1969 1091 2025 nostram.
1144 1961 1285 2026 Fratres
1308 1983 1403 2041 vero,

305 2062 365 2143 qui
382 2070 464 2125 sunt
481 2062 622 2138 subditi,
642 2060 866 2124 recordentur
888 2061 979 2142 quod
1002 2068 1144 2143 propter
1164 2061 1277 2125 Deum
1299 2064 1403 2127 abne-

304 2168 476 2242 gaverunt
493 2161 650 2244 proprias
661 2153 875 2239 voluntates3
899 2161 989 2224 unde
1007 2161 1149 2224 firmiter
1165 2161 1328 2243 praecipio
1342 2163 1403 2240 eis,

304 2268 343 2324 ut
366 2261 529 2324 obediant
552 2261 623 2324 suis
646 2259 812 2323 ministris
834 2260 869 2321 in
892 2260 1051 2323 omnibus
1071 2278 1149 2341 quae
1172 2260 1403 2342 promiserunt

303 2360 454 2423 Domino
481 2362 677 2434 observare,
695 2366 730 2422 et
748 2378 817 2422 non
843 2359 914 2421 sint
936 2358 1099 2424 contrarii
1125 2359 1249 2423 animae
1272 2379 1344 2423 suae
1367 2372 1403 2425 et

301 2459 432 2540 regulae
460 2466 599 2523 nostrae.
652 2458 698 2522 Et
721 2458 916 2539 ubicunque
937 2466 1019 2522 sunt
1040 2458 1177 2534 fratres,
1200 2459 1260 2541 qui
1276 2460 1402 2524 scirent

303 2565 338 2621 et
353 2566 601 2640 cognoscerent
616 2576 653 2621 se
669 2576 737 2621 non
753 2576 855 2639 posse
869 2558 1023 2637 regulam
1041 2557 1268 2639 spiritualiter
1284 2560 1400 2621 obser·
1476 2561 1478 2566 '

301 2677 395 2734 vare,
419 2658 462 2721 ad
487 2677 569 2722 suos
599 2657 774 2720 ministros
799 2655 957 2731 debeant,
989 2657 1019 2718 si
1043 2656 1189 2738 possint,
1215 2675 1402 2722 recurrere.

303 2757 455 2822 Ministri
471 2776 555 2822 vero
577 2757 758 2821 caritative
780 2762 815 2820 et
829 2755 977 2837 benigne
1000 2774 1059 2818 eos
1077 2754 1257 2837 recipiant,
1274 2766 1309 2820 et
1325 2763 1401 2820 tan-

302 2865 373 2920 tam
396 2857 665 2921 familiaritatem
690 2856 839 2919 habeant
854 2855 946 2919 ciroa
962 2855 1068 2937 ipsoS,
1085 2861 1125 2917 ut
1139 2854 1252 2918 dicere
1265 2856 1400 2936 possint

301 2957 351 3019 eis
366 2964 401 3020 et
415 2956 529 3021 facere
547 2957 637 3019 sicut
652 2957 761 3020 servis
776 2955 871 3034 suis3
899 2973 979 3017 nam
997 2955 1047 3017 ita
1062 2953 1188 3017 debent
1203 2972 1291 3029 esse,
1307 2954 1398 3036 quod

300 3055 449 3119 ministri
463 3055 534 3118 sint
549 3055 640 3119 servi
654 3055 806 3118 omnium
821 3053 977 3117 fratrum.
1030 3053 1159 3117 Moneo
1183 3072 1265 3117 vero
1288 3060 1323 3116 et
1337 3073 1398 3116 ex·

299 3153 419 3218 hortor
444 3155 479 3217 in
506 3155 656 3217 Domino
680 3153 767 3217 Jesu
791 3152 940 3227 Christo,
968 3160 1008 3216 ut
1032 3160 1180 3216 caveant
1204 3151 1329 3216 fratros
1354 3154 1397 3216 ab

299 3253 393 3316 omni
417 3252 593 3335 superbia,
615 3271 707 3316 vana
734 3251 857 3332 gloria,
879 3251 1020 3327 invidia,
1051 3251 1211 3323 avaritia,
1242 3270 1336 3326 cura,
1362 3260 1398 3316 et

299 3352 528 3416 sollicitudine
550 3351 654 3435 hujus
678 3350 798 3426 seculi,
819 3350 1032 3414 detractione
1058 3356 1093 3413 et
1113 3350 1396 3426 murmuratione,

299 3457 334 3514 et
351 3471 421 3515 non
438 3457 571 3528 curent,
589 3450 781 3521 nescientes
801 3448 932 3524 literae,
957 3448 1075 3511 literas
1093 3447 1244 3524 discere3
1268 3447 1327 3510 sed
1345 3455 1397 3511 at-

298 3550 441 3615 tendant
463 3550 555 3633 quod
578 3549 818 3631 superomnia
840 3548 966 3611 debent
987 3546 1113 3610 habere
1136 3545 1295 3627 spiritum
1323 3546 1397 3609 Do-

297 3650 381 3711 mini
395 3656 431 3714 et
446 3656 601 3713 sanctam
618 3649 693 3732 ejus
708 3648 955 3730 operationem,
980 3665 1079 3710 orare
1102 3664 1237 3727 semper
1253 3645 1296 3708 ad
1316 3664 1392 3708 eum

297 3767 383 3829 puro
405 3749 518 3824 corde,
536 3755 577 3811 et
594 3748 720 3812 babere
742 3746 982 3821 humilitatem,
1006 3743 1210 3828 patientiam
1226 3743 1261 3806 in
1278 3763 1395 3826 perse·

297 3848 434 3911 cutione
455 3858 490 3911 et
514 3848 550 3910 in
573 3847 781 3925 infirmitate,
804 3853 840 3909 et
865 3845 1008 3926 diligere
1032 3863 1092 3908 eos
1114 3844 1174 3925 qui
1197 3861 1258 3909 vos
1281 3863 1394 3926 perse-

298 3952 459 4027 quuntur,
484 3945 750 4028 reprehendunt,
773 3952 809 4008 et
825 3951 989 4024 arguunt,
1011 3944 1093 4025 quia
1109 3942 1193 4005 dicit
1211 3942 1393 4018 Dominus,

295 4045 463 4127 ‘Diligite
487 4045 643 4108 inimicos
660 4051 795 4107 vestros
807 4042 830 4117 ;’
858 4048 904 4117 et,
920 4047 931 4075 ‘
945 4041 1052 4103 Orate
1065 4036 1137 4122 ¹pro
1160 4042 1394 4121 persequenti-

294 4144 360 4207 bus
377 4151 413 4208 et
432 4142 723 4208 calumniantibus
741 4140 828 4204 vos?
880 4138 1008 4202 ‘Beati
1033 4137 1093 4219 qui
1119 4139 1392 4218 persecutionem

294 4244 475 4325 patiuntur
502 4249 644 4325 propter
663 4239 850 4324 justitiam,
873 4237 1036 4320 quoniam
1061 4236 1215 4318 ipsorum
1238 4242 1292 4299 est
1313 4256 1392 4318 reg·

293 4362 375 4407 num
410 4340 594 4406 caelorum?
651 4338 744 4418 ‘Qui
776 4345 892 4402 autem
924 4335 1195 4419 perseveraverit
1223 4336 1393 4417 usquein

293 4441 406 4521 finem,
425 4442 480 4506 hie
497 4441 615 4505 salvus
631 4438 720 4502 erit.’
