3384 5625
646 792 847 840 anemonas
874 793 1006 840 vnnrn.
1316 777 1381 839 205

326 977 419 1058 regis
452 974 591 1056 Angliae
623 982 664 1038 ut
695 976 815 1039 liceret
846 976 879 1038 ei
912 974 1011 1039 salvo
1044 976 1161 1040 venire
1193 983 1228 1039 et
1256 974 1378 1051 redire,

327 1096 390 1140 rex
424 1075 581 1139 Franciae
610 1074 720 1138 iratus
751 1093 829 1137 cum
862 1073 1063 1157 juramento
1100 1073 1203 1137 solito
1235 1093 1379 1157 respon-

329 1174 391 1250 dit,
409 1174 505 1258 ‘Per
524 1181 663 1237 sanctos
692 1173 863 1249 Franciae,
884 1173 1020 1237 nonnisi
1041 1173 1212 1237 mediante
1224 1173 1381 1256 judicio.’

331 1274 377 1337 Et
398 1293 475 1337 cum
500 1272 642 1335 adderet
660 1273 842 1355 episcopus
861 1272 1014 1355 pericula
1038 1292 1116 1354 quae
1132 1282 1274 1354 possent
1299 1291 1381 1336 con-

330 1374 464 1454 tingere
496 1390 557 1454 per
587 1371 773 1435 adventum
807 1372 896 1455 ejus,
925 1372 987 1447 ait,
1014 1372 1184 1436 ‘Domine
1209 1391 1285 1448 rex,
1313 1392 1382 1435 non

331 1480 449 1554 posset
481 1470 553 1533 dux
583 1470 806 1534 Normanniae
845 1469 890 1533 ad
922 1471 1051 1534 curiam
1084 1478 1234 1534 vestram
1266 1472 1382 1535 venire

331 1570 397 1634 nisi
423 1570 556 1632 veniret
581 1588 644 1631 rex
667 1567 818 1650 Angliae,
847 1589 924 1632 cum
950 1588 1018 1632 una
1042 1586 1197 1651 persona*
1213 1570 1283 1633 sint
1309 1571 1381 1633 dux

332 1679 368 1733 et
399 1688 475 1744 rex,
503 1669 595 1749 quod
631 1688 700 1732 non
731 1668 944 1750 permitteret
976 1668 1093 1749 aliquo
1124 1667 1225 1732 modo
1259 1670 1382 1732 barna-

331 1770 426 1850 gium
450 1765 602 1848 Angliae‚
628 1768 694 1831 etsi
720 1768 794 1850 ipse
816 1786 881 1829 rex
911 1766 976 1829 hoc
1001 1767 1126 1842 vellet;
1164 1767 1380 1832 imminerent

333 1868 423 1930 enim
444 1866 609 1948 pericula,
630 1872 669 1929 ut
680 1867 800 1941 nostis,
818 1874 972 1947 capturae
990 1866 1045 1929 vel
1065 1865 1194 1930 eaedis.'
1246 1866 1312 1930 Cui
1331 1887 1382 1931 re

333 1965 506 2048 spondens
530 1984 593 2027 rex
622 1963 724 2040 dixit,
741 1965 812 2028 ‘Et
835 1963 1014 2046 quidhoc,
1038 1964 1174 2030 domine
1196 1966 1381 2049 episcopal

335 2066 429 2128 Bene
451 2064 561 2127 scitur
580 2064 671 2144 quod
698 2063 770 2126 dux
797 2063 1034 2140 Normanniae,
1058 2065 1118 2146 qui
1142 2073 1261 2128 tenens
1286 2085 1383 2128 meus

334 2171 399 2239 est,
414 2161 577 2244 Angliam
602 2164 668 2226 sibi
691 2163 878 2245 adquisivit
891 2163 1069 2226 violenter.
1122 2164 1169 2227 Et
1190 2164 1221 2227 si
1244 2164 1382 2228 subdito

335 2262 463 2344 aliquid
477 2263 642 2325 accrescit
654 2263 689 2325 in
705 2261 881 2338 honorem,
893 2262 1057 2343 perdetne
1072 2282 1134 2345 per
1146 2262 1211 2328 hoc
1224 2264 1383 2327 dominus

335 2361 520 2443 capitalist
547 2361 659 2425 absit!
711 2360 767 2425 Ad
783 2361 875 2442 quod
891 2381 969 2425 cum
992 2362 1104 2424 nuntii
1119 2362 1205 2425 nihil
1222 2370 1384 2446 poterant

336 2460 585 2524 rationabiliter
601 2461 818 2543 respondere,
833 2461 1007 2525 redierunt
1023 2460 1066 2524 ad
1080 2462 1254 2525 dominum
1269 2482 1384 2543 regem

271 2588 277 2604 ·
336 2559 488 2641 Angliae,
507 2578 585 2640 quae
603 2559 785 2622 audierant
808 2568 844 2622 et
859 2560 1017 2623 viderant
1040 2562 1251 2625 nuntiantes.
1304 2561 1384 2624 Rex

336 2667 451 2722 autem
471 2657 582 2721 noluit
601 2678 638 2722 se
660 2659 873 2721 committere
891 2658 1003 2721 dubiis
1027 2646 1163 2722 casibr'rs
1191 2666 1226 2722 et
1243 2658 1384 2741 judiciis

338 2757 562 2834 Francorum,
589 2759 648 2840 qui
682 2776 760 2822 eum
791 2776 860 2821 non
891 2756 1099 2838 diligebant3
1130 2758 1279 2821 maxime
1308 2776 1384 2820 cum

337 2858 473 2920 timeret
494 2865 533 2919 ut
549 2856 580 2919 ei
600 2856 642 2920 de
665 2856 865 2939 turpissima
881 2863 991 2921 morte
1007 2854 1153 2920 Arthuri
1169 2856 1384 2941 objiceretur,

333 2955 440 3039 juxta
454 2955 537 3018 illud
557 2955 717 3021 Horatii:
745 2988 750 2996 ’

627 3098 736 3162 ‘Quial
750 3118 796 3155 me
810 3099 931 3174 vestigia
944 3107 1052 3156 terrent

446 3193 552 3252 Omnia
564 3205 593 3251 te
607 3193 758 3251 adversum
771 3195 937 3270 spectantia,
950 3194 1029 3250 nulla
1041 3193 1213 3251 retrorsum.'

340 3330 525 3410 Magnetes
540 3336 654 3393 autem
675 3329 832 3392 Franciae
854 3327 1077 3392 nihilominus
1097 3337 1336 3410 processerunt
1351 3331 1388 3392 in

335 3428 515 3511 judicium,
546 3428 636 3510 quod
667 3428 733 3493 rite
762 3447 830 3491 nou
858 3427 1051 3490 debuerunt
1075 3426 1210 3505 iacere3
1248 3447 1290 3490 ex
1317 3447 1386 3508 quo

336 3525 544 3610 judicandus
562 3527 683 3605 abfuit,
701 3526 761 3609 qui
785 3526 906 3590 adesse
925 3525 1034 3589 voluit
1055 3525 1085 3587 si
1105 3534 1233 3607 posset.
1273 3525 1388 3602 Unde,

341 3626 372 3687 si
401 3645 463 3688 rex
493 3625 515 3688 J
519 3624 671 3689 ohannes
701 3625 919 3709 abjudicatus
952 3624 1054 3688 fuerit
1083 3644 1145 3707 per
1173 3623 1388 3689 adversarios

341 3743 435 3800 suos,
451 3744 521 3787 non
536 3724 601 3787 rite
617 3723 1099 3807 abjudicabatur.—0mitted
1115 3723 1151 3786 in
1170 3723 1202 3786 0.

301 3862 358 3899 rto.
381 3862 434 3900 tut.

292 3922 367 4000 377,
406 3927 437 4001 8,
447 3923 574 3987 macerit
584 3921 640 3986 bel·
691 3931 858 4006 tanquam
876 3924 1029 3988 vasallus
1043 3925 1129 4007 ejus.

456 4022 521 4085 lam

293 4142 369 4222 378,
385 4147 437 4222 30,
457 4144 596 4208 Woloois
695 4143 730 4206 0.
751 4142 818 4205 and
836 4143 879 4205 B.
896 4143 1002 4205 insert
1027 4140 1119 4215 here,
1143 4108 1250 4205 ‘'Una
1275 4147 1391 4204 autem

714 4241 846 4304 dierum
864 4240 1072 4316 Ludovicus,
1094 4239 1236 4304 eredens
1254 4239 1392 4304 flectere

659 4414 662 4420 ,
715 4339 915 4402 fidelitatem
950 4338 1101 4404 Huberti
1131 4340 1174 4403 de
1204 4339 1323 4420 Burgo
1358 4346 1393 4402 et

685 4527 693 4557 ¹
704 4523 791 4597 Qum]
810 4542 829 4581 1.
841 4529 908 4592 Epp.
919 4530 938 4582 i.
950 4533 991 4581 74.
