3384 5625
669 765 868 814 nnovrorvns
894 767 1027 815 rama.
1331 750 1397 816 299

294 948 422 1013 tudinis
437 949 662 1024 cumulemus,
679 947 761 1031 Ipse
781 956 897 1012 tamen
915 949 1068 1013 abundat
1085 950 1122 1012 in
1144 948 1274 1014 divitiis
1298 950 1396 1014 boni-

293 1048 390 1124 tatis,
430 1048 511 1111 dum
553 1057 695 1131 propter
730 1048 967 1111 diversitatem
1005 1048 1236 1125 voluntatum,
1269 1050 1393 1114 virium

295 1146 508 1224 facultatem,
541 1148 818 1230 delinquentibus
849 1147 985 1212 diversa
1017 1168 1080 1231 pro
1112 1155 1265 1231 tempore
1296 1150 1397 1212 satis-

295 1245 442 1311 faciendi
472 1266 600 1329 genera
631 1246 790 1323 contulit,
820 1248 918 1311 varia
955 1247 1113 1311 medendi
1149 1248 1395 1330 languentibus

294 1347 446 1410 remedia
462 1346 666 1425 suscitavit3
693 1346 773 1409 dum
793 1353 932 1423 terram,
954 1347 990 1409 in
1016 1366 1087 1429 qua
1109 1348 1216 1424 nasci,
1237 1348 1336 1424 mori,
1361 1356 1397 1411 et

296 1464 474 1526 resurgere
487 1446 611 1522 voluit,
637 1451 708 1508 tam
733 1443 790 1508 diu
815 1445 859 1508 ad
882 1446 1165 1510 exercitationem
1186 1447 1337 1510 fidelium
1353 1448 1396 1510 ab

296 1543 490 1610 infidelibus
519 1544 664 1609 detineri
695 1546 875 1627 permittit,
906 1565 983 1609 cum
1015 1565 1084 1608 non
1117 1548 1164 1610 sit
1194 1547 1395 1611 abbreviata

298 1663 421 1708 manus
436 1645 590 1720 Domini,
608 1663 671 1707 nec
685 1644 796 1709 virtus
814 1644 889 1727 ejus
911 1645 946 1707 in
973 1644 1088 1727 aliquo
1109 1645 1288 1722 diminuta,
1313 1645 1397 1727 quin

298 1762 387 1820 eam,
411 1744 501 1808 sicut
524 1744 605 1807 fecit
627 1750 752 1807 cuncta
773 1744 815 1806 de
837 1743 956 1820 nihilo,
981 1743 1126 1807 liberare
1141 1744 1256 1808 valeat
1273 1745 1309 1807 in
1323 1764 1397 1808 mo-

298 1850 426 1907 mento.
489 1842 557 1906 Sed
586 1843 666 1906 illas
698 1843 946 1924 compassionis
973 1850 1008 1906 et
1041 1843 1233 1907 dilectionis
1266 1844 1397 1924 gratias

299 1942 452 2024 exquirit
484 1944 527 2005 ab
561 1943 708 2020 homine,
742 1943 867 2023 quibus
893 1941 936 2004 ad
959 1943 1070 2006 omnis
1095 1943 1399 2007 consummationis

301 2040 564 2124 finemlegisque
575 2041 822 2122 plenitudinem
831 2041 1077 2105 ostendendam
1088 2042 1162 2123 ipse
1173 2042 1399 2124 priorhomini

300 2140 436 2221 perdito
461 2150 496 2205 et
515 2140 680 2204 damnato
705 2139 815 2204 voluit
832 2141 1013 2204 miseratus
1036 2141 1177 2220 adesse;
1205 2142 1264 2223 qui
1288 2141 1399 2204 nulla-

300 2247 401 2303 tenus
419 2240 632 2322 permisisset
648 2258 769 2302 manus
791 2240 915 2321 impias
938 2248 1059 2303 contra
1085 2240 1161 2321 pios
1188 2240 1400 2322 usqueadeo

299 2339 466 2415 roborari,
495 2340 561 2402 nisi
589 2346 626 2402 et
653 2358 752 2402 suam
782 2338 950 2403 vindicari
978 2339 1021 2401 de
1051 2346 1171 2402 nostra
1198 2338 1398 2403 confusione

300 2438 509 2519 providisset
522 2438 695 2522 injuriam,
718 2446 753 2501 et
776 2439 907 2502 servari
926 2445 1078 2503 nostram
1103 2438 1146 2502 de
1169 2458 1233 2503 sua
1256 2439 1401 2503 victoria

303 2536 529 2620 disciplinam.
581 2538 652 2601 Sub
678 2538 742 2600 hac
765 2538 945 2601 occasione
973 2537 1112 2600 delicati
1137 2537 1274 2620 plurimi
1299 2537 1401 2600 satis-

300 2635 414 2700 facere
441 2655 505 2717 pro
532 2636 635 2700 modo
663 2636 843 2699 criminum
873 2655 941 2699 non
966 2636 1122 2699 valentes
1154 2654 1217 2699 nec
1245 2636 1401 2701 volentes

303 2735 400 2799 velut
425 2736 462 2797 in
491 2735 662 2819 profundo
692 2735 860 2799 malorum
890 2736 1027 2819 penitus
1055 2734 1306 2817 desperassent,
1333 2735 1400 2798 nisi

302 2835 509 2899 occurrisset
538 2837 588 2900 eis
615 2836 689 2899 haec
719 2835 857 2914 tabula3
886 2830 957 2909 ¹ut,
982 2855 1045 2918 per
1073 2835 1138 2899 hoc
1163 2835 1400 2918 compendium

303 2933 376 2997 suis
392 2936 543 3017 peccatis
558 2955 623 3017 pro
640 2934 781 2998 Christo
797 2936 978 2998 animabus
994 2935 1234 3008 consummati,
1249 2935 1400 2998 breviter

304 3033 489 3098 multorum
508 3040 700 3117 temporum
717 3036 832 3116 spatia
849 3035 1125 3117 complevissent.
1177 3033 1283 3096 Multi
1298 3033 1402 3097 etiam

304 3133 459 3197 invenire
487 3133 600 3197 locum
626 3133 685 3196 ubi
713 3140 884 3197 steterunt
914 3134 1018 3215 pedes
1046 3133 1186 3197 Domini
1213 3133 1402 3215 cupientes,

305 3231 401 3314 prius
416 3231 460 3294 ad
474 3233 631 3296 bravium
648 3232 722 3295 sine
738 3252 854 3309 cursu,
869 3232 923 3297 vel
944 3233 1060 3314 potius
1083 3231 1126 3295 ad
1150 3250 1308 3295 coronam
1330 3232 1403 3294 sine

306 3330 434 3412 gladio,
452 3339 702 3413 pervenerunt;
730 3331 797 3396 Illo
813 3350 914 3394 suum
925 3337 1163 3394 remunerante
1175 3330 1331 3405 militem,
1345 3330 1404 3411 qni

306 3431 416 3493 solam
449 3430 644 3494 considerat
667 3432 704 3494 in
734 3430 907 3495 oblatione
932 3430 1156 3494 voluntatem.
1211 3428 1260 3492 Ut
1287 3436 1402 3491 autem

304 3536 446 3611 propter
473 3531 652 3612 praemissa
680 3530 798 3593 fideles
827 3528 1011 3592 efficaciter
1040 3535 1075 3591 et
1098 3534 1257 3610 potenter
1279 3547 1403 3610 exper-

306 3635 443 3708 gentur‚
469 3649 544 3706 nos,
572 3630 614 3692 de
634 3629 880 3710 omnipotentis
903 3628 970 3691 Dei
988 3627 1220 3691 misericordia
1237 3634 1272 3691 et
1286 3629 1404 3692 beato-

307 3747 382 3790 rum
401 3727 498 3791 Petri
520 3736 555 3792 et
577 3727 681 3791 Pauli
707 3728 942 3808 apostolorum
964 3725 1172 3790 auctoritate
1199 3726 1331 3804 confisi,
1358 3746 1403 3791 ex

305 3826 366 3890 illa
393 3845 496 3909 quam
520 3827 618 3894 nobis
643 3826 752 3903 Deus,
770 3826 852 3891 licet
872 3826 1034 3907 indignis,
1054 3824 1186 3907 ligandi
1207 3833 1312 3907 atque
1339 3826 1404 3890 sol-

307 3925 411 3988 vendi
436 3926 583 3990 contulit
605 3932 824 4007 potestatem,
845 3927 1014 4001 omnibus,
1040 3926 1099 4007 qui
1122 3924 1273 3988 laborem
1298 3925 1403 3988 istum

307 4024 344 4087 in
374 4025 523 4107 propriis
551 4024 708 4106 personis
735 4025 902 4087 subierint
933 4032 968 4087 et
996 4024 1032 4086 in
1063 4023 1235 4103 expensis,
1266 4023 1403 4103 plenam

307 4141 447 4187 suorum
474 4125 723 4206 peccaminum,
745 4124 787 4186 de
811 4124 936 4206 quibus
960 4122 1129 4186 veraciter
1152 4120 1280 4183 fuerint
1303 4121 1405 4184 corde

306 4223 446 4287 contriti
470 4231 506 4287 et
522 4243 580 4287 ore
606 4222 764 4299 confessi,
786 4223 922 4287 veniam
944 4221 1174 4302 indulgemus,
1193 4227 1227 4283 et
1250 4220 1286 4282 in
1307 4220 1406 4283 retri-

307 4323 448 4386 butione
464 4322 640 4406 justorum
658 4322 781 4386 salutis
802 4330 941 4385 aeternae
958 4320 1159 4402 pollicemur
1172 4326 1419 4400 angmentum·

314 4588 316 4592 ‚
331 4544 339 4575 ¹
352 4549 387 4597 Ut
396 4582 419 4603 ..
428 4583 436 4600 .
444 4549 647 4612 amputarent]
666 4549 709 4598 Sic
720 4549 747 4597 in
755 4547 854 4599 Concil.
864 4521 972 4598 collect.
983 4546 1024 4597 ed.
1034 4547 1099 4608 aeg.
1110 4551 1169 4595 tom.
1181 4545 1272 4595 xxviii.
1283 4560 1310 4606 p.
1323 4548 1379 4596 alo.
