3384 5625
673 782 872 830 nucrronns
896 783 1028 831 vnnrrr.
1334 766 1400 831 213

344 984 430 1044 gens
459 962 523 1027 hoc
548 982 623 1028 esse
649 964 813 1028 indicium
838 964 980 1028 ultionis
1007 966 1193 1048 perpetrati
1223 966 1397 1030 facinoris.

348 1062 535 1145 Adquievit
552 1071 681 1142 autem,
700 1064 761 1129 sed
779 1065 852 1141 vix,
872 1065 1065 1141 Falcasius,
1081 1065 1187 1148 juxta
1209 1065 1294 1129 illud
1315 1084 1399 1147 apo·

349 1163 441 1240 stoli,
459 1164 680 1228 ‘Salvabitur
704 1164 929 1229 virinfidelis
952 1185 1014 1247 per
1038 1165 1213 1229 mulierem
1241 1165 1398 1229 fidelem’

348 1260 489 1340 Postea,
513 1271 552 1327 ut
571 1283 715 1328 uxorem
739 1283 838 1327 suam
866 1284 936 1327 non
961 1264 1160 1341 offenderet,
1188 1267 1281 1328 venit
1305 1264 1397 1346 apud

348 1369 505 1426 sanctum
532 1362 706 1427 Albanum
727 1370 762 1427 et
783 1364 928 1427 intravit
947 1364 1147 1446 capitulum,
1167 1370 1202 1428 et
1217 1365 1395 1446 spoliatus

331 1467 468 1525 tenens
491 1464 638 1544 virgam,
660 1462 761 1545 petiit
782 1470 817 1526 et
840 1464 992 1527 obtinuit
1015 1464 1278 1540 absolutionem,
1301 1483 1397 1527 oscu-

348 1560 424 1626 lans
449 1562 605 1643 singulos
629 1562 828 1639 monachos
860 1563 960 1645 quasi
984 1564 1034 1627 sic
1059 1583 1177 1627 omnes
1203 1564 1396 1646 placasset3

348 1661 433 1724 nihil
451 1669 565 1725 tamen
581 1663 623 1725 de
638 1662 764 1725 ablatis
779 1663 979 1738 restituens
997 1662 1052 1725 vel
1077 1663 1118 1726 de
1144 1662 1271 1746 injuria
1295 1663 1397 1725 satis-

348 1760 476 1824 faciens
508 1763 716 1844 paupcribus
741 1761 880 1825 christi.
927 1761 1104 1826 Steterunt
1132 1770 1246 1826 autem
1279 1762 1398 1825 fideles

349 1860 478 1925 Christi
494 1862 537 1924 ad
559 1862 686 1925 ostium
706 1860 861 1943 capituli,
883 1870 1061 1943 sperantes
1079 1863 1114 1925 in
1133 1862 1250 1953 aliquo
1272 1861 1394 1925 saltem

347 1962 559 2039 restaurari3
587 1980 673 2043 qnos
696 1962 788 2024 visos
814 1962 946 2042 sprevit
970 1969 1005 2025 et
1030 1962 1229 2044 pertransiit
1254 1981 1397 2044 exspec-

348 2068 474 2137 tanteS,
495 2061 630 2124 nescius
650 2061 743 2124 illius
764 2060 975 2143 propheticae
1000 2062 1274 2126 comminationis
1296 2061 1395 2125 ultio·
1461 2131 1464 2138 ,

348 2179 437 2236 nem,
460 2180 564 2241 quarn
590 2160 779 2224 reservavit
802 2160 846 2235 ei,
870 2170 1098 2243 conquerente
1123 2164 1225 2225 beato
1247 2160 1397 2237 Albano,

347 2259 443 2322 Deus
471 2260 640 2324 ultionum
673 2259 857 2337 Dominus
884 2260 989 2325 ‘Veh
1016 2262 1074 2344 qui
1102 2261 1281 2344 praedaris,
1314 2260 1396 2342 quia

347 2359 579 2441 praedaberis?
631 2359 733 2438 Quod
756 2361 792 2423 in
812 2360 879 2424 fine
902 2360 1020 2424 didicit
1038 2361 1285 2444 experimento,
1306 2360 1396 2424 sicut

345 2478 492 2540 sequens
506 2459 650 2524 historia
667 2460 859 2524 luculenter
875 2460 1071 2524 declarabit.

294 2582 349 2618 PAG.
384 2583 437 2619 ΜΝ.

298 2647 349 2720 12,
391 2648 443 2721 10,
459 2646 615 2709 mutilavit
693 2645 930 2709 labefactavit.

203 2834 205 2839 ,
296 2809 346 2820 -
390 2771 641 2855 lareyo...
693 2768 810 2834 dsunt.

456 2879 621 2933 octrumum

297 2995 350 3068 14,
409 2996 440 3068 l,
454 3015 629 3078 suspensam
692 2994 863 3077 suspensi.

295 3158 346 3168 -
391 3120 442 3194 10,
460 3119 574 3182 asstitit
598 3141 644 3183 co·
693 3125 878 3183 coronatus
896 3125 959 3181 est.

459 3228 587 3281 reactus

295 3379 346 3391 -
391 3341 442 3415 13,
460 3339 559 3403 trabes
573 3363 609 3404 aa
692 3339 825 3420 lignum
840 3339 947 3403 trabis
965 3359 1009 3401 ex
1025 3338 1172 3401 adverso
1188 3337 1341 3400 alterius.

458 3439 584 3504 aduerso

294 3602 345 3613 —
392 3566 442 3638 15,
458 3564 557 3627 inulta
577 3612 641 3628 ,...
694 3560 832 3644 plurimi
850 3561 1017 3625 homines

458 3663 542 3727 milit

293 3816 344 3828 -
388 3779 440 3853 30,
459 3779 523 3841 oiri
691 3776 779 3840 deest

295 3902 347 3975 15,
388 3903 439 3976 13,
454 3901 575 3965 militia
692 3899 779 3962 dccet.

293 4057 344 4068 —
389 4024 440 4100 25,
458 4022 530 4086 diro
692 4022 786 4086 addit
801 4020 926 4096 Paris,
942 4030 977 4083 et
992 4020 1203 4100 excogitato.

293 4185 344 4198 —
389 4142 441 4222 27,
457 4145 645 4230 cujasobbor
693 4164 771 4228 quae
797 4144 902 4227 paulo
923 4151 1003 4207 ante
1021 4142 1199 4205 Ludovico
1219 4140 1396 4204 satisfece-

451 4244 646 4330 ..rapiebant
716 4251 783 4320 rat,
805 4243 1005 4326 praedonum
1030 4259 1153 4303 manus
1179 4240 1240 4303 vix
1259 4240 1391 4316 evasit;

716 4343 777 4407 sed
795 4361 871 4406 eam
889 4361 1035 4406 vacuam
1050 4340 1143 4404 omni
1160 4358 1285 4421 genere
1305 4339 1396 4402 ciba·

716 4444 843 4506 riorum
877 4450 913 4505 et
945 4440 1147 4525 poculorum
1182 4438 1395 4516 dimiserunt,

715 4562 818 4624 quam
856 4542 947 4605 omni
980 4539 1227 4604 redundantem
1256 4539 1395 4602 invene-

715 4651 806 4706 runt.
