3384 5625
677 785 872 834 nncmouns
895 785 1028 833 viarm.
1335 771 1400 837 327

350 981 545 1057 promptum
580 973 761 1038 consilium
795 983 830 1038 et
862 974 1029 1038 auxilium
1062 981 1305 1056 opportunum,
1337 976 1396 1056 qui

345 1072 428 1157 jura
460 1094 524 1137 sua
559 1074 688 1138 detinet
722 1073 891 1138 violenter
921 1081 955 1137 et
981 1073 1120 1157 injuste,
1155 1073 1328 1155 praecipue
1361 1074 1398 1135 in

349 1172 533 1254 perniciem
548 1172 640 1254 regis
658 1173 823 1237 Lodovici
842 1180 877 1236 et
892 1173 1015 1237 animae
1036 1172 1312 1248 damnationem
1340 1170 1399 1253 qui

349 1271 535 1335 moriturus
569 1271 748 1336 manifeste
781 1271 958 1336 confessus
988 1278 1052 1347 est,
1082 1290 1119 1335 se
1143 1270 1400 1352 inexpiabiliter

350 1390 510 1452 peccasse
537 1370 573 1434 in
599 1391 714 1452 regem
733 1369 939 1452 Auglorum,
962 1369 1141 1434 retinendo
1159 1370 1242 1453 jura
1267 1388 1343 1445 sua,
1362 1375 1397 1433 et

349 1476 482 1552 postea,
512 1490 590 1533 cum
619 1476 711 1534 esset
736 1470 771 1533 iu
798 1468 940 1552 Anglia,
967 1477 1092 1533 terram
1121 1488 1218 1533 suam
1245 1469 1397 1531 redditu·

350 1588 449 1645 rum3
477 1589 555 1650 quae
577 1570 691 1632 omnia
713 1568 908 1632 dissimulat
929 1590 990 1632 rex
1014 1568 1226 1633 Francorum
1254 1568 1397 1643 nescire,

350 1666 429 1747 plus
452 1667 617 1731 muliebre
640 1674 778 1731 secutus
806 1668 986 1731 consilium
1015 1686 1117 1748 quam
1144 1686 1298 1730 normam
1318 1666 1397 1750 jus·

352 1766 450 1842 titiae,
468 1767 624 1830 timorem
649 1767 790 1830 Domini
817 1767 984 1830 ultionum
1007 1765 1256 1850 postponendo.
1308 1765 1396 1829 Pro·

349 1865 443 1928 misit
462 1866 567 1929 etiam
590 1866 789 1947 imperator,
811 1872 852 1928 ut
874 1873 1022 1929 extunc
1044 1871 1079 1928 et
1096 1863 1256 1945 deinceps
1280 1883 1396 1945 regem

349 1960 542 2045 Anglorum
569 1964 799 2046 praecaeteris
824 1965 941 2027 mundi
966 1963 1176 2046 principibus
1201 1962 1396 2045 specialius,

349 2064 449 2144 quasi
466 2063 562 2127 filiali
586 2062 842 2145 amplexaretur
859 2062 1053 2126 dilectione.
1106 2062 1275 2125 Remissis
1291 2061 1398 2142 igitur

348 2160 384 2222 in
401 2159 564 2243 Angliam
587 2163 657 2225 fere
675 2161 844 2224 universis
866 2162 1046 2243 utriusque
1063 2179 1168 2222 sexus
1191 2159 1396 2237 hominibuS,

348 2277 435 2340 quos
455 2262 550 2323 curia
569 2260 795 2342 imperatricis
819 2261 856 2321 in
880 2259 993 2340 patria
1016 2259 1233 2334 educaverat,
1251 2259 1398 2340 impera-

349 2364 404 2420 tor
422 2360 673 2439 imperatricem
698 2358 958 2442 quamplurimis
981 2357 1115 2420 Mauris
1135 2356 1344 2438 spadonibus
1363 2364 1398 2421 et

350 2457 474 2519 vetulis
492 2458 597 2522 larvis
615 2457 849 2522 consimilibus
865 2456 1124 2521 custodiendam
1142 2454 1364 2538 mancipavit.

307 2594 367 2630 PAO.
391 2595 441 2631 uu.

294 2657 374 2728 338,
392 2658 446 2729 29,
464 2666 491 2720 et
696 2656 739 2719 de
757 2675 837 2739 qua.

293 2778 372 2853 339,
389 2778 442 2852 22,
460 2776 648 2862 portitoribus
697 2778 981 2844 antecessoribus.

291 2941 347 2951 -
391 2902 444 2974 23,
454 2901 622 2984 judicatur
700 2903 735 2966 0.
751 2902 814 2966 has
834 2923 880 2966 on
904 2903 963 2966 the
987 2901 1134 2982 margin,
1154 2898 1263 2964 ‘Huc
1287 2920 1396 2984 usque

719 3020 738 3064 e
760 3008 898 3066 vetusto
923 2999 1131 3065 libro.'-—In
1157 3019 1179 3062 a
1196 3019 1279 3082 very
1301 3001 1396 3083 early

718 3099 810 3162 hand
824 3121 870 3162 on
884 3100 942 3164 the
953 3101 1087 3181 margin
1101 3099 1141 3162 of
1150 3099 1192 3161 B.
1204 3098 1234 3161 is
1248 3099 1394 3175 written,

718 3198 910 3262 ‘Dominus
938 3199 1098 3281 Rogerus
1122 3197 1164 3261 de
1186 3197 1395 3274 Wendoure,

717 3297 812 3378 prior
828 3297 1014 3379 aliquando
1030 3297 1072 3360 de
1086 3297 1246 3372 Beluero‚
1257 3296 1324 3360 bue
1338 3316 1392 3359 us

718 3415 785 3478 que
800 3397 961 3461 chronica
978 3415 1040 3459 sua
1057 3395 1211 3476 digessit.
1265 3393 1393 3477 Incipit

716 3494 824 3558 irater
839 3494 1002 3558 Matheus
1018 3492 1248 3558 Parisiensis.'

287 3659 345 3672 ...
390 3618 442 3692 24,
456 3615 632 3701 Hucusque
695 3616 813 3680 dauni.

465 3717 646 3780 ...urentia

461 3822 533 3876 aetas
