3384 5625
668 797 868 845 anemonas
893 798 1024 845 vunnu.
1328 782 1393 845 159

291 980 369 1042 dem
407 978 603 1042 Iohannem
640 978 801 1060 cupidum
837 998 912 1042 esse
948 986 983 1041 et
1019 977 1218 1059 diligentem
1247 978 1390 1060 inquisi-

292 1086 401 1142 torem
433 1086 468 1142 et
502 1078 744 1158 acquisitorem
780 1097 993 1158 gemmarum
1028 1078 1269 1160 pretiosarum,
1299 1080 1393 1142 misit

290 1179 324 1240 ei
348 1177 437 1240 hanc
462 1177 643 1259 epistolam
659 1196 737 1239 cum
753 1177 816 1240 tali
832 1179 948 1253 xenio,
971 1177 1062 1259 quod
1087 1177 1122 1239 in
1140 1177 1259 1240 eadem
1277 1186 1393 1260 potest

291 1278 467 1359 perpendi.
490 1277 736 1340 ‘innocentius
753 1296 844 1358 papa
859 1278 994 1353 tertiuS,
1007 1276 1030 1339 J
1033 1276 1159 1339 ohanni
1175 1277 1249 1357 regi
1264 1276 1394 1358 Anglo·

294 1396 382 1452 rum,
392 1384 427 1440 et
440 1383 577 1439 caetera.
613 1375 711 1438 Inter
726 1395 808 1457 opes
819 1384 987 1452 terrenas,
1000 1395 1087 1458 quas
1101 1377 1257 1439 mortalis
1273 1378 1392 1440 oculus

293 1474 505 1558 concupiscit
521 1482 557 1538 et
578 1474 677 1556 quasi
693 1476 826 1538 cariora
844 1475 1028 1551 desiderat,
1048 1495 1169 1538 aurum
1186 1476 1339 1538 obrizum
1358 1486 1393 1539 et

292 1574 426 1656 lapides
448 1575 618 1657 pretiosos
637 1574 867 1655 principatum
888 1573 1056 1637 credimus
1079 1573 1243 1637 obtinere.
1295 1574 1394 1639 Licet

295 1680 411 1737 autem
433 1673 485 1736 his
512 1681 547 1736 et
563 1673 639 1736 aliis
659 1673 790 1737 divitiis
813 1679 930 1736 vestra
956 1673 1084 1753 regalis
1109 1673 1261 1736 abundet
1283 1676 1395 1738 excel-

295 1772 414 1848 lentia,
440 1772 476 1834 in
504 1773 641 1852 signum
670 1777 786 1834 tamen
818 1771 1012 1835 dilectionis
1040 1778 1075 1834 et
1102 1772 1224 1852 gratiae
1247 1780 1396 1854 quatuor

295 1872 440 1935 annulos
479 1891 602 1934 aureos
641 1890 719 1934 cum
752 1870 897 1934 diversis
929 1869 1101 1952 lapidibus
1135 1871 1295 1952 pretiosis
1326 1881 1394 1936 tuae

295 1968 524 2051 magnitudini
540 1970 761 2034 destinamus.
815 1968 860 2031 In
884 1969 1008 2050 quibus
1029 1977 1063 2032 te
1085 1970 1242 2033 volumus
1268 1972 1396 2053 specia-

296 2070 376 2133 liter
389 2070 582 2150 intelligere
594 2068 752 2144 sormam,
768 2087 958 2145 numerum,
976 2070 1168 2146 materiam,
1184 2076 1219 2131 et
1234 2071 1395 2147 colorem,

297 2176 337 2232 ut
353 2169 553 2253 mysterium
566 2169 683 2250 potius
697 2186 800 2249 quam
817 2167 944 2230 donum
961 2167 1131 2231 attendas.
1186 2167 1396 2234 Rotunditas

299 2267 388 2331 enim
421 2269 650 2331 aeternitatem
680 2266 864 2347 significat,
893 2286 971 2349 quae
998 2267 1098 2331 initio
1126 2274 1221 2331 caret
1253 2276 1288 2332 et
1318 2268 1396 2332 fine.

299 2367 418 2431 Habet
436 2387 518 2449 ergo
540 2366 667 2448 regalis
685 2365 845 2429 discretio
862 2367 954 2449 quod
977 2367 1013 2429 in
1035 2365 1146 2430 forma
1167 2368 1332 2450 requirat,
1358 2378 1396 2432 ut

300 2467 342 2530 de
375 2466 520 2529 terrenis
554 2471 709 2529 transeat
739 2465 783 2527 ad
814 2466 979 2542 caelestia,
1008 2466 1051 2529 de
1081 2467 1326 2550 temporalibus
1355 2469 1398 2531 ad

299 2572 429 2629 aeterna
442 2562 617 2646 procedat.
671 2563 922 2641 Quaternarius
940 2573 1068 2641 autem,
1083 2567 1143 2647 qui
1162 2586 1325 2629 numerus
1345 2577 1399 2631 est

301 2663 503 2747 quadratus
529 2663 758 2727 constantiam
785 2664 909 2726 mentis
935 2664 1120 2745 significat,
1145 2683 1223 2746 quae
1249 2685 1314 2727 nec
1342 2666 1400 2728 de-

302 2762 403 2846 primi
427 2762 528 2826 debet
548 2763 583 2826 in
609 2762 776 2839 adversis,
797 2781 860 2826 nec
884 2764 919 2826 in
937 2764 1110 2847 prosperis
1132 2764 1281 2843 elevari;
1309 2766 1401 2847 quod

301 2872 385 2927 tunc
414 2862 631 2926 laudabiliter
665 2863 878 2945 adimplebit,
914 2883 992 2928 cum
1028 2871 1177 2945 quatuor
1215 2865 1400 2927 virtutibus

301 2962 545 3045 principalibus
578 2962 681 3025 fuerit
712 2963 881 3041 ordinata,
908 2964 1070 3027 videlicet
1087 2964 1235 3047 justitia,
1261 2962 1399 3028 sortitu·

302 3062 393 3138 dine,
420 3062 614 3144 prudentia,
641 3063 876 3144 temperantia.
930 3062 1112 3144 Intelligas
1134 3083 1217 3145 ergo
1232 3062 1268 3125 in
1291 3065 1400 3146 primo

298 3160 483 3243 justitiam,
500 3180 604 3242 quam
619 3180 781 3225 exerceas
801 3163 836 3224 in
852 3162 992 3245 judiciis
1010 3183 1019 3240 ;
1045 3163 1245 3226 insecundo
1263 3162 1399 3227 fortitu-

302 3259 429 3336 dinem,
446 3278 549 3342 quam
567 3259 732 3324 exhibeas
747 3262 783 3324 in
799 3261 974 3340 adversis3
1000 3262 1036 3323 in
1052 3263 1154 3325 tertio
1170 3261 1401 3343 prudentiam,

303 3378 405 3441 quam
421 3360 582 3423 observes
597 3359 633 3421 in
650 3359 761 3422 dubiis
777 3380 786 3438 3
810 3359 846 3422 in
862 3366 987 3443 quarto
1004 3360 1276 3440 temperantiam,
1298 3379 1402 3441 quam

303 3459 339 3521 in
365 3459 538 3540 prosperis
564 3477 634 3520 non
661 3459 831 3522 demittas.
886 3458 955 3522 Per
977 3478 1099 3522 aurum
1124 3477 1206 3521 vero
1233 3460 1404 3538 sapientia

304 3557 524 3639 designatum
557 3557 639 3640 quia
665 3558 754 3621 sicut
787 3578 908 3621 aurum
941 3559 1120 3640 praeminet
1151 3557 1299 3621 metallis
1327 3560 1404 3620 uni·

305 3656 426 3732 versis,
448 3657 498 3720 sic
518 3657 691 3737 sapientia
713 3657 812 3721 donis
838 3657 997 3723 omnibus
1024 3657 1210 3733 antecellit,
1235 3657 1403 3738 propheta

306 3762 467 3832 testante,
485 3760 495 3788 ‘
511 3754 719 3836 Requiescet
742 3776 946 3839 supereum
975 3757 1117 3838 spiritus
1143 3756 1346 3837 sapientiae,'
1369 3767 1405 3821 et

305 3862 441 3918 caetera.
494 3853 592 3917 Nihil
624 3861 677 3917 est
708 3863 824 3919 autem
856 3856 949 3938 quod
979 3877 1095 3937 regem
1126 3856 1236 3936 magis
1269 3864 1406 3937 oportet

306 3954 443 4016 habere.
490 3952 592 4016 Unde
618 3973 681 4015 rex
712 3954 770 4017 illo
793 3956 957 4037 pacificus
979 3954 1143 4018 Salomon
1166 3956 1276 4017 solam
1294 3975 1315 4017 a
1331 3956 1405 4019 Do-

307 4053 399 4116 mino
416 4052 621 4134 sapientiam
638 4053 842 4134 postulavit,
859 4061 898 4117 ut
915 4054 1082 4135 populum
1100 4053 1165 4114 sibi
1188 4053 1406 4116 commissum

307 4151 447 4234 perinde
481 4151 584 4214 sciret
617 4152 821 4234 gubernare.
889 4150 1000 4215 Porro
1035 4151 1209 4231 smaragdi
1237 4149 1407 4230 viriditas,

308 4251 432 4330 fidem;
464 4250 595 4332 saphiri
623 4249 804 4325 serenitas,
836 4267 955 4330 spem;
993 4248 1132 4330 granati
1160 4250 1408 4329 rubicunditas

307 4350 506 4428 caritatem3
531 4349 654 4431 topatii
678 4349 830 4423 claritas
856 4348 1089 4429 operationem
1113 4349 1251 4425 bonam,
1276 4350 1408 4430 signiti-

307 4457 377 4525 cat,
392 4450 435 4512 de
449 4467 519 4530 qua
534 4448 717 4523 DominuS,
733 4453 743 4480 ‘
759 4447 892 4510 Luceat
908 4447 970 4509 lux
987 4447 1125 4510 vestra!
1165 4447 1287 4511 Habes
1303 4450 1411 4530 igitur

308 4549 343 4611 in
377 4547 561 4629 smaragdo
591 4547 684 4628 quod
715 4548 844 4623 credas,
872 4546 908 4610 in
935 4545 1075 4628 saphiro
1101 4547 1193 4627 quod
1222 4566 1351 4628 speres
1374 4549 1411 4609 in
