3384 5625
292 786 358 849 144
449 809 452 814 ·
669 797 869 846 uncriouus
892 799 1024 846 varin.

305 926 362 961 PAO.
386 925 438 960 bnt.

296 990 371 1062 128,
391 988 443 1063 21,
465 985 647 1049 Cantauriae
695 984 775 1049 deest
789 1008 810 1047 u
829 985 877 1049 Or.
894 994 921 1047 et
935 986 978 1048 R.

174 1176 177 1181 ,
293 1154 344 1164 -
390 1112 476 1186 nan
475 1110 584 1193 fratri
593 1131 647 1173 suo
696 1108 813 1173 desunt.

296 1235 371 1310 129,
412 1235 645 1318 2,·qaarn.,cc-
695 1251 799 1313 quam
823 1240 939 1295 tamen
969 1230 1136 1313 capellam
1170 1229 1261 1294 idem
1292 1230 1402 1294 archi-

462 1332 628 1396 tdrdrnlrrn
718 1332 901 1413 episcopus
928 1329 971 1393 ad
998 1330 1168 1394 cautelam
1196 1331 1398 1412 appellavit,

462 1434 646 1516 transferret
719 1429 868 1493 Londini
890 1429 983 1511 apud
1007 1429 1267 1509 Lamhetbiam3
1300 1430 1402 1493 timu·

717 1538 818 1593 erunt
834 1529 925 1592 enim
941 1529 1112 1606 monachi,
1130 1530 1212 1610 quia
1232 1528 1297 1593 hoc
1320 1548 1399 1610 pas-

717 1630 781 1691 sim
798 1628 988 1705 dicebatur,
1009 1636 1044 1692 et
1066 1629 1170 1691 etiam
1194 1628 1268 1709 ipso
1286 1627 1410 1690 archi··

717 1729 899 1810 episcopus
913 1728 978 1791 hoc
993 1727 1275 1790 communicando
1292 1728 1400 1809 [com-

717 1828 895 1907 minando]
915 1833 1122 1901 asseruerat,
1134 1845 1176 1890 ne
1190 1825 1305 1890 sedem
1317 1823 1399 1888 illuc

717 1926 948 1990 cathedralem
982 1925 1194 2001 transferret,
1225 1931 1272 2003 et,
1307 1923 1399 2007 quod

717 2025 817 2108 pejus
831 2033 915 2102 erat,
929 2026 964 2088 in
979 2032 1212 2107 contemptum
1229 2032 1264 2088 et
1276 2044 1400 2107 oppro-

717 2126 826 2187 brium
845 2126 951 2189 totius
976 2125 1105 2189 ordinis
1125 2124 1317 2200 monastici,
1340 2124 1399 2187 de-

713 2224 817 2308 jectis
840 2224 1017 2288 monachis
1038 2224 1121 2288 illuc
1141 2224 1324 2287 canonicos
1349 2223 1400 2285 in-

717 2326 877 2388 stitueret
904 2325 1096 2403 secularcs;
1121 2323 1212 2407 quod
1234 2343 1302 2387 non
1324 2321 1399 2387 sine

716 2423 844 2506 injuria
855 2423 1303 2506 multiplici,ingratitudino
1315 2442 1398 2506 quo

716 2542 783 2605 que
810 2524 1024 2603 eligentium,
1044 2530 1241 2587 sanctorum
1261 2542 1399 2605 quoque

716 2620 752 2684 in
772 2623 917 2687 ecclesia
940 2623 1138 2687 Cautuariae
1158 2622 1398 2705 plurimorum,

717 2723 776 2805 qui
806 2724 965 2787 monachi
991 2722 1213 2800 exstiterunt,
1242 2721 1342 2785 fieret
1368 2722 1398 2784 si

716 2823 760 2886 ad
785 2824 886 2886 finem
907 2830 1064 2906 optatum
1086 2823 1302 2905 propositum
1322 2841 1397 2905 per-

716 2921 917 3002 duceretur;
939 2923 986 2987 Or.
1001 2932 1029 2985 et
1042 2923 1082 2984 B.

292 3084 344 3095 -
409 3049 440 3122 9,
454 3040 629 3109 intendebat
694 3045 786 3108 addit
807 3045 932 3122 Paris,
957 3055 1079 3109 contra
1105 3046 1286 3110 consilium
1314 3064 1400 3127 apo·

716 3145 796 3208 stoli
819 3145 977 3223 dicentis,
996 3145 1131 3209 ‘Nemo
1152 3145 1305 3210 militans
1322 3145 1398 3208 Do-

716 3246 808 3309 mino
825 3246 980 3328 implicet
1003 3264 1041 3308 se
1063 3246 1211 3327 negotiis
1234 3244 1397 3309 seculari·

716 3346 805 3409 bus.'

292 3505 344 3516 --
389 3470 440 3544 12,
459 3464 569 3530 Barla
590 3514 618 3528 ..
636 3515 643 3529 .
695 3470 824 3546 Barba,
838 3469 962 3532 nobilis
978 3469 1063 3533 civis
1078 3469 1267 3533 Londoniae
1278 3468 1398 3550 justus

451 3567 580 3649 famam
717 3577 751 3632 et
789 3577 965 3645 constane,
1003 3569 1104 3651 cujus
1146 3568 1397 3650 persecutionis

716 3687 856 3730 causam
880 3675 1016 3731 constat
1032 3687 1107 3731 esse
1117 3667 1261 3750 justam,
1277 3667 1321 3730 ab
1336 3666 1399 3730 illa

718 3813 725 3828 .
746 3813 754 3828 .
772 3813 779 3828 .
796 3786 864 3829 aere
880 3766 997 3843 effuso,
1011 3767 1102 3849 quod
1120 3767 1277 3830 dominus
1293 3787 1398 3849 papa,

715 3865 796 3928 licet
811 3866 853 3928 de
873 3865 1106 3930 oblationibus
1126 3886 1315 3949 pauperum
1339 3885 1398 3930 su·

716 3985 778 4046 per
807 3966 960 4029 tumbam
991 3967 1084 4030 beati
1120 3966 1264 4029 Thomae
1300 3966 1397 4030 colli·

716 4074 866 4146 geretur,
886 4086 952 4129 non
976 4066 1152 4143 refutavit,
1172 4066 1324 4143 famam;
1346 4066 1396 4130 Or.

715 4174 743 4228 ct
758 4166 801 4228 a.

292 4331 343 4341 -
388 4289 441 4364 16,
457 4288 603 4371 dealma-
697 4289 748 4352 Cr,
769 4289 836 4352 and
861 4290 903 4352 R.
923 4288 1003 4365 add,
1028 4288 1094 4351 ‘de
1117 4289 1261 4370 capellae
1281 4296 1396 4352 autem

458 4385 531 4450 bont
715 4388 845 4471 injuria
859 4388 1014 4451 exauditi
1031 4389 1116 4451 bene
1133 4387 1296 4451 fuerunt?

292 4547 343 4558 -—
388 4512 440 4586 23,
457 4507 631 4593 eudroqacit
698 4512 747 4574 Oe.
776 4509 842 4574 and
868 4512 911 4575 a.
937 4511 1016 4586 add,
1040 4511 1211 4594 ‘Insuper
1236 4513 1397 4575 dominus
