3384 5625
288 778 354 842 200
659 786 861 836 uncrionns
887 784 1022 833 viarm.

302 918 358 953 PAO.
383 917 434 952 uit.

292 982 366 1055 352,
384 979 435 1054 24,
454 973 599 1039 tribuerat
691 981 883 1054 generaret.

290 1145 340 1155 -
385 1103 437 1177 25,
452 1099 600 1163 dormivit
691 1095 891 1160 dormiendo
907 1093 1099 1177 pigritavit.

293 1226 367 1300 353,
387 1225 440 1300 16,
457 1231 485 1286 ot
499 1220 609 1285 moloo-
691 1219 899 1296 molendina,
916 1218 1080 1300 pomeria.

457 1321 536 1384 dioc

292 1488 343 1500 -
388 1441 645 1529 improbam-root
691 1436 784 1501 addit
794 1436 965 1514 Paris.,ut
978 1436 1037 1518 qui
1053 1455 1122 1499 non
1134 1435 1305 1517 pessimus
1316 1434 1395 1512 suit,

715 1538 827 1600 bonus
837 1536 1138 1617 videbatur,etqui
1148 1554 1218 1599 non
1227 1543 1397 1616 quantum

715 1636 828 1717 potuit
846 1655 968 1700 nocere
992 1654 1059 1699 non
1084 1633 1212 1710 nocuit,
1232 1634 1397 1716 prodesse

715 1735 907 1798 videbatur.
952 1733 1088 1798 Deinde
1106 1754 1166 1797 rex
1185 1734 1237 1796 ira
1253 1739 1397 1796 succen-

716 1853 775 1897 sus
797 1834 991 1899 vehementi
1014 1832 1104 1915 apud
1128 1840 1245 1915 partes
1270 1831 1397 1895 Scotiae

715 1933 879 1996 tendebat
903 1933 1118 2009 cismarinae,
1142 1939 1177 1996 et
1193 1931 1305 2012 captis
1323 1949 1397 1994 cas·

715 2032 779 2094 tris
802 2032 844 2095 de
862 2033 1015 2097 Berewic
1037 2041 1072 2095 et
1089 2032 1178 2107 aliis,
1203 2048 1282 2112 quae
1300 2028 1395 2094 vide·

714 2131 841 2194 bantur
865 2130 1160 2213 inexpugnabilia,
1184 2129 1393 2211 impropera·

715 2230 765 2292 vit
794 2231 868 2311 regi
895 2230 1110 2304 Alexandro,
1142 2237 1177 2292 et
1207 2228 1289 2308 quia
1320 2234 1395 2290 erat

715 2328 812 2390 rufus
837 2329 1045 2407 significavit
1077 2328 1120 2404 ei,
1146 2328 1276 2403 dicens,
1301 2325 1394 2402 ‘Sic,

715 2427 764 2488 sic
789 2426 987 2506 fugabimus
1012 2428 1153 2490 rubeam
1175 2424 1394 2506 vulpeculam

715 2525 868 2588 latibulis
885 2527 979 2588 suis.’
1033 2526 1181 2590 Multam
1207 2523 1315 2603 igitur
1335 2522 1396 2585 ibi-

715 2623 790 2687 dem
809 2634 961 2705 stragem
982 2633 1017 2688 et
1034 2621 1276 2687 exterminium
1294 2639 1394 2684 exer-

716 2725 853 2801 cuisset,
904 2724 970 2788 nisi
1019 2724 1163 2787 eundem
1207 2720 1396 2784 necessitas

716 2843 842 2905 magna
867 2825 1065 2890 dilationem
1089 2843 1157 2887 non
1178 2820 1319 2902 capiens
1339 2838 1393 2882 re·

715 2930 886 2986 vocasset.

293 3090 344 3100 —
389 3050 441 3123 31,
457 3047 625 3112 sabvertere
693 3045 875 3109 subvertit.

293 3212 345 3224 —
389 3173 440 3248 33,
459 3171 573 3257 rodopii
695 3169 817 3233 tenuit.

295 3295 371 3368 354,
410 3298 440 3371 3,
457 3296 512 3358 aab
529 3295 587 3360 loc
693 3292 811 3357 doram.

449 3396 562 3476 forma
613 3460 615 3467 ,

293 3553 344 3564 -
389 3515 440 3592 28,
456 3517 574 3580 amorii
695 3518 793 3582 sciat.

296 3633 372 3711 357,
411 3638 443 3713 4,
455 3626 622 3703 Statooilla
695 3640 894 3704 Staneville.

294 3798 344 3808 -
390 3758 442 3835 28,
451 3768 609 3843 potamos,-
695 3765 863 3841 potestas.
915 3760 989 3824 ‘Ut
1011 3762 1092 3843 quid
1119 3760 1161 3824 ad
1185 3780 1249 3825 nos
1275 3780 1312 3824 se
1338 3781 1398 3824 ex-

458 3857 564 3942 ituque
717 3858 826 3922 tendit
848 3860 1085 3924 Romanorum
1110 3860 1274 3923 insatiata
1300 3860 1398 3942 cupi-

717 3957 832 4021 ditas?
885 3957 979 4036 Quid
996 3959 1166 4043 episcopis
1184 3958 1397 4041 apostolicis

717 4063 752 4120 et
778 4058 910 4122 militiae
934 4061 1091 4123 nostrast
1145 4058 1235 4121 Ecce
1263 4076 1397 4122 succes-

716 4175 811 4219 sores
846 4156 1078 4232 Constantini,
1110 4166 1145 4221 et
1176 4176 1245 4220 non
1275 4155 1394 4233 Petri;

715 4274 785 4318 non
814 4257 993 4320 imitantur
1025 4254 1167 4318 Petrum
1201 4255 1236 4318 iu
1267 4255 1397 4318 meritis

715 4354 770 4417 vel
793 4356 967 4437 operibust,
992 4374 1056 4418 nec
1076 4354 1290 4418 assimilandi
1315 4362 1397 4419 sunt

714 4454 748 4514 in
764 4461 936 4535 potestate
952 4474 961 4534 3
983 4455 1102 4538 justus
1120 4455 1210 4517 euim
1228 4461 1281 4517 est
1299 4454 1397 4517 Deus

714 4551 750 4613 in
811 4554 1008 4618 meritorum
1068 4554 1397 4637 recompensatione.
