3384 5625
669 800 871 849 uncrronns
897 803 1032 852 vnaius.
1359 792 1403 856 63

306 922 363 958 Pro.
386 922 439 960 titt.

298 985 373 1060 212,
410 981 439 1060 7,
458 987 551 1047 Anno
569 1033 576 1048 .
592 1033 599 1047 .
616 1033 647 1047 ..
695 983 788 1048 addit
805 985 933 1061 Paris„
959 987 1121 1069 Synodus
1145 991 1319 1070 generalis
1343 993 1404 1057 ha·

426 1084 471 1145 M
471 1085 646 1149 CXXXI.
718 1083 790 1148 hita
807 1091 861 1148 est
877 1085 1007 1149 Remis.
1062 1087 1159 1153 Obiit
1177 1089 1403 1156 Innocentius

718 1201 823 1265 papa,
854 1185 1021 1249 successit
1054 1186 1282 1253 Innocentius
1311 1210 1405 1273 papa

717 1283 910 1361 secundus;
937 1284 1117 1349 dedicatur
1138 1289 1182 1350 ab
1207 1287 1327 1353 eodem
1350 1310 1403 1353 ec-

717 1379 823 1444 clesia
839 1381 1087 1447 cluniacensis.

295 1539 346 1549 —
391 1505 442 1580 21,
456 1504 632 1589 Aeniorum
694 1500 784 1566 dau.

294 1661 346 1673 —-
390 1630 442 1705 29,
462 1630 620 1713 &aufrido
696 1625 790 1690 addit
809 1627 937 1705 Paris,
962 1639 1193 1711 cognomento
1217 1632 1406 1716 Plantage-

718 1733 806 1789 nest.

297 1850 371 1926 213,
409 1852 441 1927 9,
465 1852 646 1917 Concurren-
695 1847 771 1912 The
791 1848 947 1926 Cotton.‚
962 1850 1091 1933 Royal‚
1109 1852 1177 1914 and
1195 1852 1402 1936 Cambridge

461 1972 522 2014 sem
718 1946 821 2011 MSS.
845 1948 926 2023 add,
945 1953 954 1982 ‘
971 1948 1153 2014 Londonia
1167 1971 1231 2035 pro
1249 1955 1402 2017 maxima

717 2054 816 2128 parte
833 2048 1014 2111 combusta
1031 2048 1108 2113 est!

297 2172 371 2246 214,
410 2172 440 2246 2,
459 2174 553 2235 Auno
579 2221 587 2235 .
610 2220 645 2236 ..
694 2168 787 2232 addit
802 2168 929 2246 Paris,
945 2171 1112 2235 Tenebrae
1134 2174 1236 2238 factae
1258 2184 1340 2240 sunt
1363 2178 1399 2239 in

379 2270 645 2335 MOXXXIII.
717 2265 895 2349 Angliaet
907 2277 999 2333 terra
1011 2279 1107 2335 mota
1123 2279 1192 2351 est;
1213 2274 1266 2336 sol
1281 2276 1402 2339 similis

716 2367 829 2430 factos
850 2375 904 2431 est
921 2368 1013 2432 lunae
1030 2372 1155 2434 tertiae.
1208 2372 1289 2436 Rex
1303 2374 1400 2437 Hen-

716 2466 809 2530 ricus
863 2477 1019 2531 extremo
1072 2471 1312 2536 transfretavit
1365 2481 1401 2537 ct

716 2584 856 2628 manum
874 2568 986 2629 sancti
1008 2567 1031 2630 J
1034 2569 1133 2631 acobi
1155 2570 1248 2633 misit
1267 2571 1398 2635 Radiu-

715 2684 809 2744 gum.
863 2664 993 2727 Eodem
1012 2684 1112 2730 anno.

293 2817 344 2828 -
412 2784 443 2865 7,
460 2807 553 2871 quum
569 2787 645 2872 quic
695 2804 773 2869 qnae
787 2786 962 2852 invocata.

448 2887 645 2950 invocaverat

293 3047 344 3055 —
390 3012 441 3087 10,
458 3010 591 3075 sanitati
694 3006 786 3070 addit
810 3007 938 3085 Paris,
962 3007 1092 3072 Eodem
1117 3027 1209 3073 anno
1227 3010 1399 3078 interfecti

718 3112 801 3169 sunt
814 3127 932 3170 omnes
949 3107 1076 3171 milites
1089 3107 1227 3190 Templi
1243 3109 1398 3174 Domini.

715 3204 835 3268 —The
847 3204 987 3270 Cotton.
1001 3206 1079 3270 MS.
1090 3205 1328 3283 adds,‘Natus
1341 3216 1396 3273 est

716 3302 969 3384 primogenitus
981 3303 1131 3367 Galfridi
1148 3304 1399 3388 Plantagenest

717 3408 753 3464 et
787 3400 946 3464 Matildis
984 3403 1226 3484 imperatricis„
1266 3407 1400 3470 scilicet

718 3498 894 3564 Henricus
911 3500 953 3564 de
967 3500 1147 3564 Henrioo.'

293 3659 344 3669 -
389 3624 443 3700 19,
457 3631 598 3707 nepotum
693 3624 830 3706 nepotis
847 3624 914 3688 sui.

459 3742 584 3785 suorum

293 3881 345 3895 -
390 3848 444 3922 22,
464 3844 645 3909 otim-
695 3843 741 3906 Et
757 3843 876 3908 eodem
893 3862 999 3920 anno,
1024 3862 1101 3906 cum
1124 3843 1295 3906 Dominus
1317 3865 1397 3908 nos·

452 3944 620 4029 culturom
716 3951 770 4006 ter
792 3943 815 4006 J
818 3961 899 4005 esus
931 3941 1102 4016 Christus,
1133 3942 1193 4022 qui
1226 3944 1396 4007 neminem

458 4044 576 4128 acecpit
716 4041 827 4122 perire
842 4040 1028 4114 desiderat,
1047 4039 1122 4122 jem
1142 4040 1221 4102 duci
1239 4039 1394 4105 Roherto

714 4139 800 4200 satis
829 4138 982 4219 amplum
1004 4135 1153 4218 spatium
1181 4137 1395 4218 poenitentiae

717 4243 752 4299 et
776 4235 1026 4299 humiliationis
1050 4241 1280 4311 concesserat,
1304 4236 1398 4300 vide-

717 4334 799 4398 licet
817 4335 892 4418 jam
914 4334 986 4396 iere
1008 4334 1154 4415 triginta
1177 4352 1343 4398 annornm
1361 4337 1397 4399 in

716 4434 865 4497 orbitate
898 4440 1151 4496 transactorum
1185 4442 1219 4497 et
1246 4452 1395 4512 carcere,

718 4533 847 4596 abusus
876 4538 928 4596 est
953 4531 1013 4595 illo
1045 4531 1113 4595 Dei
1143 4532 1318 4609 beneficio,
1345 4535 1397 4595 in-
