3384 5625
348 756 414 821 304
717 772 916 820 anemonas
941 772 1075 821 viarm.

349 956 504 1039 pecuniae
517 956 668 1032 exactio,
679 976 742 1028 nec
758 956 839 1019 sciri
855 963 992 1039 poterat
1004 955 1040 1019 in
1056 975 1160 1038 quam
1174 956 1336 1039 abyssum
1351 961 1450 1018 tanta
1476 1002 1479 1006 ·

348 1055 507 1138 pecunia,
522 1074 600 1137 quae
622 1076 683 1137 per
702 1056 844 1139 papales
868 1063 1108 1137 procuratores
1131 1056 1371 1136 colligebatur,
1394 1061 1448 1117 est

348 1155 515 1231 demersa,
530 1154 621 1237 quod
638 1155 789 1218 fidelium
807 1156 900 1219 circa
917 1156 1093 1236 negotium
1109 1155 1221 1217 crucis
1240 1154 1363 1236 tepuit,
1377 1154 1446 1217 imo

347 1254 463 1336 potius
490 1254 617 1317 caritas
640 1254 797 1335 refriguit
817 1254 1008 1335 generalis;
1033 1255 1123 1317 unde
1138 1254 1314 1334 negotium
1328 1252 1448 1316 Terrae

347 1360 490 1428 sanctae,
520 1372 696 1435 nunquam
728 1353 824 1430 felix,
852 1372 956 1435 super
984 1353 1049 1417 hoc
1083 1353 1234 1435 suscepit
1261 1353 1448 1415 incremen-

346 1459 432 1517 tum.
484 1451 660 1516 Praeterea
690 1453 843 1533 graviter
871 1451 1062 1515 laedebatur
1089 1452 1241 1516 omnium
1273 1452 1445 1515 couscien-

346 1551 408 1628 tia,
438 1558 474 1615 et
501 1553 537 1615 in
564 1551 786 1616 meditatione
818 1552 1065 1615 exardescente
1094 1552 1328 1626 sauciabatur,
1356 1550 1447 1633 quod

346 1659 421 1715 tota
457 1650 518 1713 illa
556 1650 703 1732 pecunia
738 1650 990 1733 impretiabilia
1030 1670 1108 1733 quae
1145 1670 1190 1713 ex
1222 1650 1355 1713 decima
1388 1670 1449 1731 per

345 1750 549 1831 magistrum
579 1749 791 1833 Stephanum
816 1749 945 1813 domini
971 1768 1073 1832 papae
1103 1749 1264 1813 clericum
1290 1748 1446 1811 cumula·

345 1849 448 1912 batur
471 1847 515 1911 ad
548 1848 793 1913 conterendum
823 1849 1078 1931 imperatorem,
1105 1850 1198 1912 facta
1230 1868 1328 1930 pace,
1354 1849 1445 1911 sicut

345 1946 463 2028 colligi
480 1954 596 2029 potest
618 1968 679 2029 per
701 1948 884 2030 epistolam
909 1967 1009 2030 papae
1026 1948 1308 2030 suprascriptam,
1324 1967 1387 2011 nec
1410 1948 1446 2010 in

345 2047 486 2110 minimo
502 2047 694 2128 quadrante
709 2054 763 2111 est
780 2046 953 2123 restituta,
972 2066 1034 2110 nec
1060 2047 1103 2109 ad
1126 2046 1265 2128 aliquod
1291 2046 1445 2109 ecclesiae

345 2164 525 2209 commune
556 2147 733 2228 negotium
764 2147 820 2210 vel
849 2146 1012 2209 honorem
1040 2145 1246 2223 distributa3
1283 2145 1352 2209 imo
1383 2165 1445 2208 nec

345 2243 426 2307 dum
448 2245 585 2326 penitus
609 2246 674 2309 fuit
694 2254 833 2309 extorta
851 2245 906 2309 vel
932 2245 1089 2319 collecta,
1118 2253 1152 2308 et
1176 2264 1254 2308 ecce
1276 2245 1390 2308 subita
1410 2252 1446 2307 et

345 2343 482 2407 occulta
498 2364 570 2425 pax
587 2352 641 2408 est
655 2345 863 2422 reformata3
887 2351 922 2407 et
937 2351 1059 2426 postea
1080 2343 1173 2408 facta
1196 2353 1250 2407 est
1266 2342 1445 2424 inquisitio

346 2442 475 2523 gravis,
493 2443 570 2524 quis
588 2443 689 2525 plene
707 2444 761 2506 vel
777 2443 913 2524 plenius
929 2443 1159 2525 persolvebat.

680 2576 725 2639 M
722 2596 771 2640 ors
787 2576 906 2640 enutris
922 2575 1119 2640 Marcscalli.

399 2692 446 2756 Et
478 2692 558 2755 dum
590 2692 681 2756 circa
712 2693 787 2757 haec
819 2693 1044 2757 ecclesiastici
1072 2691 1138 2757 viri
1168 2688 1448 2767 sollicitarentur,

348 2778 463 2856 comcs
503 2791 731 2857 Marcscallus
765 2794 801 2856 in
840 2792 952 2857 tutela
989 2791 1259 2855 Hibernensinm
1291 2798 1447 2855 retentus

347 2890 383 2953 in
412 2898 547 2955 tantum
582 2893 765 2974 respiravit
795 2892 870 2975 jam
901 2890 993 2972 quod
1028 2890 1135 2970 loqui,
1170 2890 1230 2962 ire,
1269 2891 1448 2954 comedere

346 2990 469 3055 valuit.
522 2991 719 3072 Exigebant
742 2991 849 3071 igitur
876 2989 992 3051 hostes
1015 2988 1089 3071 ejus
1109 2989 1153 3051 ab
1181 3007 1222 3051 eo
1247 2996 1363 3052 castra
1385 3009 1448 3053 sua

348 3097 383 3152 et
411 3097 520 3154 terras
546 3090 737 3165 Hiberniae,
764 3096 803 3152 ut
828 3088 879 3151 sic
906 3086 1029 3151 saltem
1055 3087 1128 3167 regi
1157 3088 1448 3167 reconciliaretur,

348 3188 408 3270 qui
435 3197 556 3253 contra
573 3208 688 3270 regem
709 3189 746 3251 in
770 3187 891 3270 praelio
906 3187 1119 3269 capiebatur,
1138 3206 1208 3270 qua
1222 3186 1323 3251 libuit
1336 3197 1447 3253 morte

347 3288 561 3369 puniendus;
588 3295 795 3370 ostensaque
826 3286 893 3351 fuit
924 3286 1046 3350 charta
1073 3286 1165 3368 regis
1198 3287 1230 3350 ei
1260 3306 1332 3350 suae
1364 3308 1447 3370 cap-

347 3387 451 3449 tionis
466 3394 660 3470 praeceptae.
713 3385 816 3465 Quod
833 3406 910 3450 cum
929 3393 1105 3468 oporteret
1119 3386 1243 3463 facere,
1259 3387 1295 3449 in
1312 3394 1446 3451 tantum

348 3484 458 3549 doluit
472 3487 563 3569 quod
580 3506 649 3551 non
666 3487 800 3550 curavit
816 3485 859 3550 de
871 3487 944 3549 suis
961 3486 1158 3549 vulneribus
1173 3506 1182 3565 ;
1206 3492 1242 3549 et
1257 3485 1448 3551 advocatus

348 3590 402 3647 est
430 3584 644 3667 chirurgicus
669 3572 835 3668 proditor,
860 3585 920 3667 qui
947 3585 1037 3648 ferro
1067 3585 1178 3666 ignito
1204 3591 1339 3661 tantum
1360 3587 1449 3650 ussit

347 3702 424 3745 eum
442 3692 482 3747 ut
503 3685 538 3746 in
561 3692 761 3766 peracutam
782 3685 911 3748 febrem
934 3684 1068 3747 cecidit.
1122 3684 1232 3748 Facta
1245 3685 1352 3765 igitur
1368 3705 1447 3749 cou-

345 3781 494 3843 fessione
509 3790 543 3844 et
559 3783 685 3845 viatico
702 3781 826 3844 salutis
849 3783 1091 3859 communitus,
1112 3790 1233 3847 tenens
1253 3803 1387 3848 crucem
1409 3791 1445 3848 et

348 3879 510 3954 adorans,
525 3879 682 3961 spiritum
705 3878 853 3943 reddidit
870 3880 1001 3945 decimo
1025 3888 1125 3946 sexto
1148 3883 1309 3946 calendas
1333 3884 1445 3963 Maii3

347 3986 383 4042 et
397 3978 553 4061 sepultus
571 3974 625 4043 es't
645 3980 681 4042 iu
701 3980 852 4044 oratorio
875 3980 1038 4044 Fratrum
1057 3981 1232 4046 Minorum
1253 3984 1344 4066 apud
1370 3983 1447 4046 Kil-

347 4077 464 4155 kenni‚
491 4079 551 4142 ubi
573 4079 664 4142 idem
688 4080 902 4162 sepulturam
929 4080 1093 4162 elegerat,
1116 4082 1246 4146 militiae
1271 4082 1336 4146 flos
1362 4091 1448 4146 tem-

348 4197 470 4260 porum
487 4180 738 4244 modernorum.

609 4310 727 4374 Euclea
740 4311 867 4376 iuterim
876 4312 998 4397 pradis
1014 4312 1186 4377 intenderat.

398 4424 541 4488 Interim
573 4427 646 4491 haec
670 4427 870 4508 ignorantes
899 4428 1095 4492 Richardus
1128 4429 1248 4493 Sward
1274 4450 1352 4494 cum
1378 4433 1451 4495 suis

344 4525 568 4607 complicibus
590 4526 745 4590 aediticiis
768 4528 935 4609 regalium
957 4528 1006 4593 eis
1023 4529 1279 4593 adversantium
1294 4530 1450 4595 intende-
