3384 5625
680 799 881 847 nnorrorcns
904 799 1038 848 varum
1342 785 1408 850 117

350 977 481 1060 Regem
495 999 613 1060 regum
629 998 666 1043 se
681 988 886 1045 convertens
896 981 1082 1045 Dominum
1096 981 1211 1044 Deum
1227 981 1409 1048 invocaris.

347 1078 383 1140 in
412 1079 576 1142 ultionem
604 1098 682 1143 curn
713 1080 913 1163 lachrymis,
940 1088 981 1146 ut
1013 1100 1184 1164 quemque
1217 1082 1403 1163 superbum

348 1177 512 1256 frangens
523 1185 656 1242 tantam
671 1199 812 1262 passum
828 1180 990 1264 injuriam
1002 1181 1251 1257 consolaretur,
1266 1182 1325 1262 qui
1341 1182 1403 1257 ait,

349 1277 461 1340 ‘Mihi
483 1278 683 1355 vindictam,
693 1291 696 1298 '
706 1286 742 1342 et
754 1298 820 1361 ego
835 1279 1048 1344 retribuam!
1100 1279 1183 1342 Dux
1201 1287 1316 1344 autem
1331 1281 1400 1345 cito

347 1384 428 1457 post
443 1377 589 1441 reditum
604 1378 646 1440 ad
662 1380 803 1460 propria
819 1379 983 1443 confusus
1004 1386 1040 1442 et
1052 1378 1266 1442 verecundus
1289 1389 1402 1444 mam-

347 1475 449 1539 ravit.
502 1476 582 1540 Hoc
598 1477 705 1554 facto,
729 1497 791 1541 rex
813 1477 1009 1542 Richardns
1029 1481 1152 1560 postea
1178 1493 1247 1541 non
1272 1479 1404 1543 medio-

346 1575 450 1638 criter
466 1577 695 1659 exprobratus
712 1578 862 1665 erubuit.

294 1716 351 1753 PAG.
388 1718 440 1755 HN.

299 1794 351 1871 59,
390 1796 443 1872 26,
457 1796 646 1861 sodaooes..
699 1798 745 1863 Et
754 1800 836 1880 quia
845 1806 971 1884 ventus
988 1798 1238 1862 adversabatur
1253 1818 1297 1861 ex
1311 1798 1398 1862 obli-

445 1895 633 1980 appetem
719 1918 789 1980 quo
809 1898 1031 1979 remigantes,
1046 1917 1124 1961 cum
1138 1897 1249 1961 tribus
1263 1904 1399 1961 tantum

685 2002 688 2006 ’
720 1999 868 2061 navibus
901 1998 1006 2061 tertia
1030 1997 1085 2060 die
1111 2017 1212 2061 mane
1234 1998 1268 2059 in
1296 2004 1399 2079 portu

720 2096 744 2159 J
747 2117 835 2179 open
853 2097 1109 2179 applicuerunt3
1128 2097 1178 2161 Oe.
1191 2104 1219 2159 et
1233 2097 1277 2159 R.

297 2216 351 2289 60,
412 2220 442 2295 5,
454 2238 492 2281 oc
501 2217 646 2301 radnore-
697 2238 738 2283 ao
756 2220 969 2296 vulneratoS,
992 2226 1114 2302 captos
1132 2218 1240 2303 jussit
1263 2219 1399 2306 perimi,

459 2326 504 2381 tos
566 2318 646 2403 regis
719 2320 870 2401 quinque
886 2327 1001 2384 tamen
1018 2320 1278 2401 praestantiores
1292 2339 1399 2382 resera

461 2416 631 2501 daffidmtos
718 2420 846 2496 vando,
875 2419 934 2483 sed
959 2418 1025 2501 ipsi
1051 2418 1182 2481 strenui
1202 2418 1303 2482 valde
1319 2438 1400 2482 eva-

719 2518 839 2582 dentes
866 2538 905 2582 se
936 2517 971 2580 in
998 2525 1151 2581 castrum
1183 2524 1400 2600 receperunt,

718 2624 753 2681 et
781 2619 985 2682 invenerunt
1011 2616 1135 2680 ibidem
1161 2635 1280 2680 omnes
1308 2624 1399 2681 trac-

717 2724 829 2781 tatum
843 2716 1010 2781 babentes
1026 2716 1069 2778 de
1085 2714 1258 2778 reddendo
1272 2723 1400 2794 castro,

718 2817 810 2900 quod
839 2818 968 2905 etlcito
989 2815 1164 2892 fecissent,
1186 2815 1253 2879 nisi
1274 2816 1316 2878 de
1338 2816 1400 2879 ad-

716 2924 823 2982 ventu
841 2917 934 2998 regis
949 2916 1243 2995 certificarentur3
1264 2915 1397 2980 ΜΕ.

294 3078 347 3091 -
391 3039 442 3115 13,
451 3041 625 3123 premant·
695 3040 893 3123 praemoniti
907 3039 1066 3104 fuissent.

460 3149 569 3204 roratur

294 3301 346 3314 -
391 3263 443 3338 24,
460 3262 527 3324 Bes
545 3271 648 3326 aaran
698 3262 777 3327 Rex
800 3282 882 3326 vero
902 3268 942 3325 ut
966 3260 1145 3325 castellum
1169 3259 1320 3324 nondum
1344 3260 1398 3323 iu·

460 3361 647 3426 ...letitiam
715 3362 784 3425 isse
810 3367 949 3442 captum
982 3360 1211 3441 cognovisset,
1242 3359 1284 3421 de
1314 3361 1396 3422 navi

458 3457 638 3525 obsecramur
719 3460 891 3543 prosiluit,
917 3459 1003 3522 etin
1025 3458 1156 3520 medias
1176 3457 1324 3520 hostiurn
1339 3476 1396 3521 ca-

717 3568 834 3624 tervas
845 3579 883 3622 se
894 3558 1058 3622 audacter
1066 3555 1399 3639 ingessit,adextris

719 3668 754 3723 et
778 3659 928 3723 sinistris
953 3657 1109 3721 inimicos
1137 3655 1397 3738 prosternendo

721 3758 829 3844 Cujus
856 3760 1073 3823 subitaneum
1098 3757 1263 3838 impetum
1292 3755 1399 3820 Turci

720 3878 788 3922 non
801 3860 963 3935 serenteS,
976 3857 1154 3922 credentes
1168 3857 1271 3920 etiam
1285 3857 1397 3938 ipsum

720 3978 940 4022 numerosum
975 3957 1163 4020 exercitum
1198 3955 1399 4032 adduxisse,

720 4059 764 4121 ab
794 4057 972 4120 obsidione
1002 4054 1185 4134 diffugiunt
1211 4053 1319 4116 donec
1344 4072 1398 4116 re·

720 4154 945 4236 grederentur
968 4153 1157 4226 civitatem,
1188 4150 1399 4215 Salabadino

720 4256 756 4320 in
771 4275 874 4318 curru
892 4251 1014 4335 rapido
1034 4258 1276 4334 praecurrente.
1318 4250 1399 4315 Rex

721 4361 837 4418 autem
868 4353 1023 4416 hostibus
1056 4352 1186 4433 fugatis
1219 4350 1279 4434 figi
1311 4371 1400 4433 prae-

719 4454 813 4536 cepit
844 4453 995 4520 tentoria
1027 4470 1091 4516 sua
1125 4459 1226 4516 extra
1255 4453 1399 4529 urbem;

722 4552 869 4616 ant'R.
