3384 5625
291 789 355 850 152
662 796 862 845 nacrronus
888 793 1019 843 viarm.

295 980 432 1044 auditas
459 979 624 1044 solvendo
654 988 689 1044 et
716 981 893 1061 eleganter
921 976 1162 1055 dilucidando;
1197 982 1251 1039 tot
1275 974 1396 1040 habuit

294 1080 481 1156 auditores,
503 1087 587 1162 quot
610 1079 858 1162 amplissimum
880 1078 1048 1159 palatium
1071 1076 1186 1158 potuit
1206 1076 1395 1139 continere.

295 1178 376 1241 Una
407 1179 513 1261 igitur
545 1179 676 1241 dierum
703 1198 781 1240 cum
808 1177 910 1239 nimis
934 1175 1113 1260 profundis
1138 1175 1332 1238 rationibus
1358 1176 1395 1238 in

294 1278 442 1342 medium
468 1279 653 1360 propositis
672 1277 714 1340 de
737 1276 910 1339 Trinitate
932 1275 1153 1339 subtilissime
1171 1275 1395 1356 disputasset,

294 1384 330 1439 et
344 1376 453 1441 dilata
467 1376 590 1440 fuisset
606 1376 844 1440 determinatio
867 1394 977 1457 usque
1000 1376 1035 1437 in
1060 1374 1259 1449 crastinum,
1277 1392 1395 1437 omnes

294 1474 448 1558 theologi
467 1476 641 1539 scholares
660 1477 695 1537 in
720 1474 873 1550 civitate,
898 1474 1095 1556 praemuniti
1118 1472 1163 1536 ad
1187 1471 1394 1536 audiendum

293 1581 347 1638 tot
378 1576 607 1657 quaestionum
637 1574 931 1655 inexplicabilium
965 1573 1167 1648 solutiones,
1202 1571 1247 1635 ad
1284 1570 1395 1654 ipsius

294 1673 460 1738 famosam
483 1673 636 1738 scholam
663 1673 819 1738 certatim
846 1691 887 1736 ac
913 1672 1116 1736 catervatim
1143 1670 1396 1736 confluxerunt.

296 1773 549 1838 Determinavit
576 1774 682 1855 igitur
706 1773 872 1852 magister
909 1790 1027 1835 omnes
1062 1778 1248 1853 praetactas
1282 1789 1396 1853 quaes-

295 1872 418 1949 tiones,
445 1881 481 1936 et
511 1892 590 1955 quae
619 1872 826 1937 videbantur
859 1872 1017 1934 omnibus
1045 1869 1291 1946 inenodabiles,
1322 1876 1397 1933 tam

294 1970 455 2047 dilucide,
482 1979 553 2035 tam
579 1971 766 2052 eleganter,
795 1978 865 2034 tam
887 1970 1067 2045 catholice,
1093 1976 1132 2032 ut
1156 1987 1273 2032 omnes
1297 1969 1396 2032 audi·

295 2077 388 2133 tores
419 2071 578 2133 redderet
604 2070 828 2153 stupefactos.
887 2069 934 2133 Et
964 2077 1046 2151 post
1076 2067 1396 2132 determinationem

297 2178 517 2233 accesserunt
534 2170 673 2251 quidam
694 2170 804 2251 ipsius
824 2168 1062 2232 familiariores
1082 2175 1121 2230 et
1137 2168 1181 2231 ad
1197 2167 1396 2231 discendum

298 2268 482 2344 avidiores
506 2268 721 2350 postulantes
746 2287 767 2330 a
783 2267 963 2349 magistro,
985 2274 1083 2330 uteo
1106 2265 1258 2330 dictante
1282 2286 1396 2347 quaes·
1422 2350 1424 2354 Ι

294 2367 407 2430 tiones
430 2368 538 2431 literis
562 2367 853 2442 commendarent,
874 2365 1036 2430 dixerunt
1053 2384 1201 2447 namque
1217 2365 1397 2446 indignum

296 2484 372 2528 esse
399 2473 435 2530 et
450 2465 624 2548 jacturam
650 2465 942 2529 irrestaurabilem
966 2464 996 2527 si
1016 2465 1180 2528 memoria
1206 2471 1312 2528 tantae
1330 2466 1397 2528 sci·

296 2566 399 2629 entiae
422 2565 602 2648 deperiret.
656 2563 792 2643 Quibus
814 2564 889 2647 ipse
915 2565 1040 2639 elatus,
1063 2572 1098 2628 et
1121 2562 1231 2646 major
1253 2564 1318 2626 sibi
1346 2583 1396 2642 se,

298 2665 348 2728 ait
373 2665 481 2728 oculis
504 2665 694 2728 sublevatis
726 2672 761 2727 et
789 2672 917 2728 temere
946 2664 1081 2728 solutus
1110 2664 1146 2726 in
1180 2662 1397 2739 cachinnum,

296 2770 305 2796 ‘
324 2763 354 2827 0
372 2764 395 2828 J
399 2764 505 2840 esule,
523 2764 546 2828 J
549 2765 656 2841 esule,
672 2771 840 2845 quantum
855 2764 891 2827 in
906 2763 971 2827 hae
987 2762 1180 2845 quaestione
1195 2761 1397 2828 confirmavi

296 2864 407 2944 legem
425 2873 521 2927 tuam
547 2872 583 2927 et
602 2864 776 2939 exaltavi3
800 2864 967 2945 profecto,
988 2864 1018 2928 si
1035 2862 1257 2943 malignando
1280 2870 1315 2926 et
1337 2863 1396 2927 ad-

296 2962 467 3026 versando
502 2962 636 3039 vellem,
668 2961 867 3025 fortioribus
896 2962 1086 3025 rationibus
1117 2970 1152 3025 et
1185 2964 1398 3042 argumentis

296 3062 428 3123 scirem·
447 3061 542 3123 illam
568 3062 741 3123 infirmare
769 3068 805 3124 et
831 3061 1053 3143 deprimendo
1082 3061 1299 3143 improbare!
1351 3062 1398 3125 Et

296 3159 361 3223 hoc
382 3160 474 3223 dicto
490 3161 638 3241 elinguis
661 3160 797 3242 penitus
821 3160 1005 3238 obmutuit,
1024 3181 1094 3224 non
1113 3167 1248 3223 tantum
1269 3169 1399 3238 mutus,

297 3259 358 3323 sed
382 3259 490 3323 idiota
513 3269 547 3322 et
572 3259 755 3323 ridiculose
776 3260 980 3336 infatuatus
1001 3279 1065 3323 nec
1092 3266 1214 3341 postea
1237 3260 1323 3340 legit
1342 3260 1398 3324 vel

297 3357 562 3436 determinavit;
586 3369 621 3423 et
638 3359 751 3423 factus
769 3368 822 3424 est
842 3360 879 3422 in
902 3360 1038 3423 sibilum
1062 3366 1096 3422 et
1115 3358 1263 3421 derisum
1288 3359 1399 3422 omni-

297 3459 375 3535 bus,
390 3460 449 3542 qui
464 3459 529 3523 hoc
544 3459 736 3523 audierant.
786 3458 853 3523 Vir
866 3459 972 3539 igitur
985 3457 1076 3521 intra
1091 3458 1264 3520 biennium
1279 3455 1400 3521 didicit

297 3557 416 3622 literas
439 3577 657 3639 cognoscere,
685 3565 732 3634 et,
756 3557 885 3621 ultione
912 3557 1163 3638 aliquantulum
1181 3556 1353 3637 mitigata,
1376 3577 1399 3621 a

297 3657 369 3720 filio
388 3676 453 3737 suo
478 3657 628 3738 quodam
653 3655 836 3737 diligenter
862 3655 1039 3732 edocente,
1062 3655 1123 3720 vix
1151 3656 1265 3737 potuit
1291 3656 1399 3719 Pater

297 3762 416 3818 noster
447 3762 482 3817 et
516 3754 715 3836 Symbolum
751 3754 894 3829 discere,
929 3755 1087 3831 retinere,
1114 3762 1149 3818 et
1175 3754 1398 3819 balbutiendo

297 3853 533 3934 pronuntiare.
587 3852 666 3916 Hoc
689 3854 796 3934 igitur
824 3853 1026 3916 miraculum
1051 3855 1235 3917 multorum
1264 3854 1399 3918 schola-

295 3953 383 4015 rium
412 3953 605 4033 suppressit
629 3953 874 4033 arrogantiam,
900 3959 935 4015 et
952 3953 1157 4035 jactantiam
1187 3953 1397 4018 refraenavit.

299 4050 388 4114 Haeo
423 4052 510 4117 vidit
543 4053 708 4134 magister
745 4051 914 4115 Nicolaus
950 4052 992 4115 de
1021 4047 1141 4129 ¹Fulii,
1174 4053 1228 4115 vir
1261 4072 1398 4133 magnae

298 4153 528 4228 auctoritatis
561 4153 621 4235 qui
652 4159 773 4234 postea
804 4153 985 4235 episcopus
1011 4151 1254 4215 Dunelmensis
1285 4151 1398 4216 factus

297 4253 363 4314 fuit
379 4273 388 4329 3
412 4272 456 4315 ex
472 4252 571 4334 eujus
589 4253 701 4314 relatu
719 4259 754 4315 et
770 4259 865 4314 certo
882 4252 1078 4315 testimonio
1094 4251 1168 4313 haec
1186 4251 1294 4315 literis
1309 4271 1398 4314 eom-

298 4349 471 4425 mendavi,
490 4369 533 4412 ne
551 4358 706 4414 vetustas
724 4359 858 4413 tantum
875 4349 1076 4413 miraculum
1095 4351 1260 4426 aboleret,
1279 4350 1397 4413 eodem

684 4570 792 4635 ¹Fub'i.]
810 4573 948 4633 Femham;
970 4575 999 4622 C.
