<?xml version="1.0" encoding="UTF-8"?>
<!DOCTYPE html PUBLIC "-//W3C//DTD XHTML 1.0 Transitional//EN"
    "http://www.w3.org/TR/xhtml1/DTD/xhtml1-transitional.dtd">
<html xmlns="http://www.w3.org/1999/xhtml" xml:lang="en" lang="en">
 <head>
  <title>
</title>
<meta http-equiv="Content-Type" content="text/html;charset=utf-8" />
  <meta name='ocr-system' content='tesseract 3.04.00' />
  <meta name='ocr-capabilities' content='ocr_page ocr_carea ocr_par ocr_line ocrx_word'/>
</head>
<body>
  <div class='ocr_page' id='page_1' title='image "./rogeridewendove00rogegoog_0134.png"; bbox 0 0 3384 5625; ppageno 0'>
   <div class='ocr_carea' id='block_1_1' title="bbox 234 780 964 844">
    <p class='ocr_par' dir='ltr' id='par_1_1' title="bbox 234 780 964 844">
     <span class='ocr_line' id='line_1_1' title="bbox 234 780 964 844; baseline -0.01 0"><span class='ocrx_word' id='word_1_1' title='bbox 234 780 299 844; x_wconf 90' lang='grc'>112</span> <span class='ocrx_word' id='word_1_2' title='bbox 607 791 808 839; x_wconf 77' lang='lat' dir='ltr'>unorronns</span> <span class='ocrx_word' id='word_1_3' title='bbox 832 792 964 839; x_wconf 74' lang='lat' dir='ltr'>vaura.</span> 
     </span>
    </p>
   </div>
   <div class='ocr_carea' id='block_1_2' title="bbox 239 971 1347 1451">
    <p class='ocr_par' dir='ltr' id='par_1_2' title="bbox 286 971 1347 1350">
     <span class='ocr_line' id='line_1_2' title="bbox 286 971 1347 1055; baseline -0.003 -15"><span class='ocrx_word' id='word_1_4' title='bbox 286 978 332 1041; x_wconf 91' lang='lat' dir='ltr'>tis</span> <span class='ocrx_word' id='word_1_5' title='bbox 346 976 470 1050; x_wconf 86' lang='lat' dir='ltr'>levem,</span> <span class='ocrx_word' id='word_1_6' title='bbox 486 971 572 1036; x_wconf 93' lang='lat' dir='ltr'>nulli</span> <span class='ocrx_word' id='word_1_7' title='bbox 589 972 722 1055; x_wconf 88' lang='lat' dir='ltr'>spiculo</span> <span class='ocrx_word' id='word_1_8' title='bbox 736 972 993 1054; x_wconf 83' lang='lat' dir='ltr'><strong>penetrabilem.</strong></span> <span class='ocrx_word' id='word_1_9' title='bbox 1031 971 1270 1037; x_wconf 79' lang='lat' dir='ltr'><strong>Veruntamen</strong></span> <span class='ocrx_word' id='word_1_10' title='bbox 1282 994 1347 1037; x_wconf 86' lang='lat' dir='ltr'>rex</span> 
     </span>
     <span class='ocr_line' id='line_1_3' title="bbox 287 1071 1347 1138; baseline -0.001 -1"><span class='ocrx_word' id='word_1_11' title='bbox 287 1073 484 1138; x_wconf 87' lang='lat' dir='ltr'>Richardus</span> <span class='ocrx_word' id='word_1_12' title='bbox 500 1091 598 1135; x_wconf 87' lang='lat' dir='ltr'>suam</span> <span class='ocrx_word' id='word_1_13' title='bbox 621 1073 657 1134; x_wconf 93' lang='lat' dir='ltr'>in</span> <span class='ocrx_word' id='word_1_14' title='bbox 680 1072 745 1136; x_wconf 90' lang='lat' dir='ltr'>boo</span> <span class='ocrx_word' id='word_1_15' title='bbox 766 1090 939 1135; x_wconf 80' lang='lat' dir='ltr'>excusans</span> <span class='ocrx_word' id='word_1_16' title='bbox 960 1071 1142 1136; x_wconf 87' lang='lat' dir='ltr'>avaritiam</span> <span class='ocrx_word' id='word_1_17' title='bbox 1161 1072 1232 1135; x_wconf 89' lang='lat' dir='ltr'>suis</span> <span class='ocrx_word' id='word_1_18' title='bbox 1255 1073 1347 1136; x_wconf 87' lang='lat' dir='ltr'>dixit</span> 
     </span>
     <span class='ocr_line' id='line_1_4' title="bbox 287 1171 1347 1254; baseline -0.004 -17"><span class='ocrx_word' id='word_1_19' title='bbox 287 1173 495 1249; x_wconf 85' lang='lat' dir='ltr'><strong>domesticis,</strong></span> <span class='ocrx_word' id='word_1_20' title='bbox 515 1171 646 1235; x_wconf 91' lang='lat' dir='ltr'>‘Sinite</span> <span class='ocrx_word' id='word_1_21' title='bbox 669 1172 795 1254; x_wconf 89' lang='lat' dir='ltr'>ipsum,</span> <span class='ocrx_word' id='word_1_22' title='bbox 818 1191 897 1253; x_wconf 88' lang='lat' dir='ltr'>quae</span> <span class='ocrx_word' id='word_1_23' title='bbox 917 1189 982 1234; x_wconf 86' lang='lat' dir='ltr'>sua</span> <span class='ocrx_word' id='word_1_24' title='bbox 1006 1178 1100 1248; x_wconf 90' lang='lat' dir='ltr'>sunt,</span> <span class='ocrx_word' id='word_1_25' title='bbox 1118 1171 1347 1253; x_wconf 81' lang='lat' dir='ltr'>prodigaliter</span> 
     </span>
     <span class='ocr_line' id='line_1_5' title="bbox 288 1271 597 1350; baseline -0.019 -13"><span class='ocrx_word' id='word_1_26' title='bbox 288 1292 489 1337; x_wconf 81' lang='lat' dir='ltr'><strong>consumere</strong></span> <span class='ocrx_word' id='word_1_27' title='bbox 502 1271 523 1350; x_wconf 84' lang='lat'>3’</span> <span class='ocrx_word' id='word_1_28' title='bbox 549 1271 597 1333; x_wconf 80' lang='lat' dir='ltr'>Oc.</span> 
     </span>
    </p>

    <p class='ocr_par' dir='ltr' id='par_1_3' title="bbox 239 1413 389 1451">
     <span class='ocr_line' id='line_1_6' title="bbox 239 1413 389 1451; baseline -0.013 -1"><span class='ocrx_word' id='word_1_29' title='bbox 239 1414 296 1451; x_wconf 76' lang='lat' dir='ltr'>PAG.</span> <span class='ocrx_word' id='word_1_30' title='bbox 336 1413 389 1449; x_wconf 72' lang='lat' dir='ltr'>un.</span> 
     </span>
    </p>
   </div>
   <div class='ocr_carea' id='block_1_3' title="bbox 239 1470 1255 1681">
    <p class='ocr_par' dir='ltr' id='par_1_4' title="bbox 239 1470 1255 1681">
     <span class='ocr_line' id='line_1_7' title="bbox 240 1470 1255 1553; baseline -0.005 -14"><span class='ocrx_word' id='word_1_31' title='bbox 240 1479 294 1552; x_wconf 89' lang='lat'>35,</span> <span class='ocrx_word' id='word_1_32' title='bbox 356 1477 386 1550; x_wconf 86' lang='lat'>3,</span> <span class='ocrx_word' id='word_1_33' title='bbox 405 1471 579 1537; x_wconf 79' lang='lat' dir='ltr'>Willclmco</span> <span class='ocrx_word' id='word_1_34' title='bbox 641 1471 733 1534; x_wconf 80' lang='lat' dir='ltr'>addit</span> <span class='ocrx_word' id='word_1_35' title='bbox 751 1470 877 1548; x_wconf 78' lang='lat' dir='ltr'>Paris,</span> <span class='ocrx_word' id='word_1_36' title='bbox 895 1470 1044 1535; x_wconf 84' lang='lat' dir='ltr'>Eliensis</span> <span class='ocrx_word' id='word_1_37' title='bbox 1060 1471 1255 1553; x_wconf 72' lang='lat' dir='ltr'>episcopus</span> 
     </span>
     <span class='ocr_line' id='line_1_8' title="bbox 239 1600 795 1681; baseline -0.004 -21"><span class='ocrx_word' id='word_1_38' title='bbox 239 1642 290 1652; x_wconf 88' lang='grc'><strong>-</strong></span> <span class='ocrx_word' id='word_1_39' title='bbox 335 1600 389 1675; x_wconf 91' lang='grc'>12,</span> <span class='ocrx_word' id='word_1_40' title='bbox 405 1618 511 1681; x_wconf 81' lang='lat' dir='ltr'>soporo</span> <span class='ocrx_word' id='word_1_41' title='bbox 643 1613 795 1677; x_wconf 88' lang='lat' dir='ltr'>sperare.</span> 
     </span>
    </p>
   </div>
   <div class='ocr_carea' id='block_1_4' title="bbox 243 1716 1435 2295">
    <p class='ocr_par' dir='ltr' id='par_1_5' title="bbox 243 1716 1435 2295">
     <span class='ocr_line' id='line_1_9' title="bbox 243 1716 1435 1806; baseline -0.005 -20"><span class='ocrx_word' id='word_1_42' title='bbox 243 1724 295 1797; x_wconf 91' lang='lat'>36,</span> <span class='ocrx_word' id='word_1_43' title='bbox 337 1718 389 1798; x_wconf 83' lang='lat'>17,</span> <span class='ocrx_word' id='word_1_44' title='bbox 405 1717 514 1784; x_wconf 78' lang='lat' dir='ltr'>tacebit</span> <span class='ocrx_word' id='word_1_45' title='bbox 643 1718 735 1782; x_wconf 79' lang='lat' dir='ltr'>addit</span> <span class='ocrx_word' id='word_1_46' title='bbox 752 1717 879 1795; x_wconf 74' lang='lat' dir='ltr'>Paris,</span> <span class='ocrx_word' id='word_1_47' title='bbox 898 1717 930 1781; x_wconf 89' lang='lat' dir='ltr'><strong>A</strong></span> <span class='ocrx_word' id='word_1_48' title='bbox 950 1737 1043 1799; x_wconf 86' lang='lat' dir='ltr'>papa</span> <span class='ocrx_word' id='word_1_49' title='bbox 1060 1716 1200 1799; x_wconf 81' lang='lat' dir='ltr'>Angliae</span> <span class='ocrx_word' id='word_1_50' title='bbox 1222 1718 1349 1799; x_wconf 84' lang='lat' dir='ltr'>legati·</span> <span class='ocrx_word' id='word_1_51' title='bbox 1416 1777 1435 1806; x_wconf 52' lang='lat'>0</span> 
     </span>
     <span class='ocr_line' id='line_1_10' title="bbox 665 1816 1349 1900; baseline 0 -20"><span class='ocrx_word' id='word_1_52' title='bbox 665 1837 765 1881; x_wconf 91' lang='lat' dir='ltr'>onem</span> <span class='ocrx_word' id='word_1_53' title='bbox 782 1818 941 1900; x_wconf 77' lang='lat' dir='ltr'>adeptuS,</span> <span class='ocrx_word' id='word_1_54' title='bbox 955 1816 1106 1880; x_wconf 88' lang='lat' dir='ltr'>Londini</span> <span class='ocrx_word' id='word_1_55' title='bbox 1123 1817 1215 1899; x_wconf 90' lang='lat' dir='ltr'>apud</span> <span class='ocrx_word' id='word_1_56' title='bbox 1231 1816 1349 1881; x_wconf 89' lang='lat' dir='ltr'>West·</span> 
     </span>
     <span class='ocr_line' id='line_1_11' title="bbox 667 1915 1348 1981; baseline 0.001 -2"><span class='ocrx_word' id='word_1_57' title='bbox 667 1916 913 1981; x_wconf 90' lang='lat' dir='ltr'>monasterium</span> <span class='ocrx_word' id='word_1_58' title='bbox 939 1916 1122 1979; x_wconf 84' lang='lat' dir='ltr'>concilium</span> <span class='ocrx_word' id='word_1_59' title='bbox 1147 1915 1348 1980; x_wconf 88' lang='lat' dir='ltr'>celebravit.</span> 
     </span>
     <span class='ocr_line' id='line_1_12' title="bbox 667 2014 1349 2097; baseline -0.003 -18"><span class='ocrx_word' id='word_1_60' title='bbox 667 2015 765 2079; x_wconf 89' lang='lat' dir='ltr'>Obiit</span> <span class='ocrx_word' id='word_1_61' title='bbox 793 2014 852 2079; x_wconf 91' lang='lat' dir='ltr'>W.</span> <span class='ocrx_word' id='word_1_62' title='bbox 871 2014 1125 2095; x_wconf 81' lang='lat' dir='ltr'>wigorniensis</span> <span class='ocrx_word' id='word_1_63' title='bbox 1152 2015 1349 2097; x_wconf 87' lang='lat' dir='ltr'>episcopus,</span> 
     </span>
     <span class='ocr_line' id='line_1_13' title="bbox 667 2112 1348 2196; baseline -0.001 -19"><span class='ocrx_word' id='word_1_64' title='bbox 667 2122 703 2178; x_wconf 91' lang='lat' dir='ltr'>et</span> <span class='ocrx_word' id='word_1_65' title='bbox 714 2113 770 2178; x_wconf 91' lang='lat' dir='ltr'>W.</span> <span class='ocrx_word' id='word_1_66' title='bbox 784 2116 890 2178; x_wconf 89' lang='lat' dir='ltr'>abbas</span> <span class='ocrx_word' id='word_1_67' title='bbox 896 2112 1211 2189; x_wconf 82' lang='lat' dir='ltr'>westmonasterii,</span> <span class='ocrx_word' id='word_1_68' title='bbox 1225 2114 1348 2196; x_wconf 91' lang='lat' dir='ltr'>quinto</span> 
     </span>
     <span class='ocr_line' id='line_1_14' title="bbox 668 2210 999 2295; baseline 0.003 -20"><span class='ocrx_word' id='word_1_69' title='bbox 668 2212 836 2276; x_wconf 87' lang='lat' dir='ltr'><strong>kalendas</strong></span> <span class='ocrx_word' id='word_1_70' title='bbox 855 2210 999 2295; x_wconf 80' lang='lat' dir='ltr'>Aprilis.</span> 
     </span>
    </p>
   </div>
   <div class='ocr_carea' id='block_1_5' title="bbox 245 2336 1352 2640">
    <p class='ocr_par' dir='ltr' id='par_1_6' title="bbox 245 2336 1352 2640">
     <span class='ocr_line' id='line_1_15' title="bbox 245 2336 886 2416; baseline -0.012 -11"><span class='ocrx_word' id='word_1_71' title='bbox 245 2386 296 2397; x_wconf 92' lang='grc'>--</span> <span class='ocrx_word' id='word_1_72' title='bbox 341 2344 392 2416; x_wconf 86' lang='grc'>22,</span> <span class='ocrx_word' id='word_1_73' title='bbox 408 2340 443 2403; x_wconf 82' lang='lat' dir='ltr'>io</span> <span class='ocrx_word' id='word_1_74' title='bbox 460 2337 543 2401; x_wconf 83' lang='lat' dir='ltr'>orooc&#39;</span> <span class='ocrx_word' id='word_1_75' title='bbox 647 2336 886 2399; x_wconf 86' lang='lat' dir='ltr'>strenuissimi.</span> 
     </span>
     <span class='ocr_line' id='line_1_16' title="bbox 413 2436 526 2500; baseline -0.018 0"><span class='ocrx_word' id='word_1_76' title='bbox 413 2436 526 2500; x_wconf 78' lang='lat' dir='ltr'>milites</span> 
     </span>
     <span class='ocr_line' id='line_1_17' title="bbox 246 2556 1352 2640; baseline 0.004 -24"><span class='ocrx_word' id='word_1_77' title='bbox 246 2606 297 2616; x_wconf 89' lang='grc'>..</span> <span class='ocrx_word' id='word_1_78' title='bbox 341 2557 392 2636; x_wconf 82' lang='grc'>27,</span> <span class='ocrx_word' id='word_1_79' title='bbox 413 2556 598 2640; x_wconf 63' lang='grc' dir='ltr'>1100οῐ01000</span> <span class='ocrx_word' id='word_1_80' title='bbox 650 2557 857 2639; x_wconf 88' lang='lat' dir='ltr'>Radulphus</span> <span class='ocrx_word' id='word_1_81' title='bbox 882 2556 924 2620; x_wconf 93' lang='lat' dir='ltr'>de</span> <span class='ocrx_word' id='word_1_82' title='bbox 940 2556 1102 2640; x_wconf 81' lang='lat' dir='ltr'>Altaripa</span> <span class='ocrx_word' id='word_1_83' title='bbox 1120 2556 1229 2621; x_wconf 83' lang='lat' dir='ltr'>etalii</span> <span class='ocrx_word' id='word_1_84' title='bbox 1251 2557 1352 2620; x_wconf 92' lang='lat' dir='ltr'>innu-</span> 
     </span>
    </p>
   </div>
   <div class='ocr_carea' id='block_1_6' title="bbox 397 2654 862 2821">
    <p class='ocr_par' dir='ltr' id='par_1_7' title="bbox 397 2654 862 2822">
     <span class='ocr_line' id='line_1_18' title="bbox 397 2654 862 2723; baseline -0.009 0"><span class='ocrx_word' id='word_1_85' title='bbox 397 2654 599 2723; x_wconf 78' lang='lat' dir='ltr'>chloooc&#39;llo</span> <span class='ocrx_word' id='word_1_86' title='bbox 671 2657 862 2721; x_wconf 90' lang='lat' dir='ltr'>merabiles.</span> 
     </span>
     <span class='ocr_line' id='line_1_19' title="bbox 458 2757 573 2821; baseline -0.023 -1.326"><span class='ocrx_word' id='word_1_87' title='bbox 458 2757 573 2821; x_wconf 77' lang='lat' dir='ltr'>coitura</span> 
     </span>
    </p>
   </div>
   <div class='ocr_carea' id='block_1_7' title="bbox 247 2877 1354 3059">
    <p class='ocr_par' dir='ltr' id='par_1_8' title="bbox 247 2877 1354 3059">
     <span class='ocr_line' id='line_1_20' title="bbox 247 2877 1354 2958; baseline -0.001 -13"><span class='ocrx_word' id='word_1_88' title='bbox 247 2928 299 2938; x_wconf 93' lang='lat'><em>-</em></span> <span class='ocrx_word' id='word_1_89' title='bbox 343 2887 395 2958; x_wconf 85' lang='grc'>28,</span> <span class='ocrx_word' id='word_1_90' title='bbox 417 2880 479 2944; x_wconf 83' lang='lat' dir='ltr'>olii</span> <span class='ocrx_word' id='word_1_91' title='bbox 504 2879 600 2941; x_wconf 80' lang='lat' dir='ltr'>inno·</span> <span class='ocrx_word' id='word_1_92' title='bbox 652 2877 696 2942; x_wconf 93' lang='lat' dir='ltr'>In</span> <span class='ocrx_word' id='word_1_93' title='bbox 721 2879 779 2942; x_wconf 92' lang='lat' dir='ltr'>the</span> <span class='ocrx_word' id='word_1_94' title='bbox 802 2878 898 2943; x_wconf 88' lang='lat' dir='ltr'>Ceoil</span> <span class='ocrx_word' id='word_1_95' title='bbox 920 2878 1010 2954; x_wconf 80' lang='lat' dir='ltr'>MS,</span> <span class='ocrx_word' id='word_1_96' title='bbox 1036 2879 1118 2944; x_wconf 87' lang='lat' dir='ltr'>‘aiii</span> <span class='ocrx_word' id='word_1_97' title='bbox 1141 2879 1242 2943; x_wconf 89' lang='lat' dir='ltr'>multi</span> <span class='ocrx_word' id='word_1_98' title='bbox 1270 2879 1354 2944; x_wconf 92' lang='lat' dir='ltr'>mihi</span> 
     </span>
     <span class='ocr_line' id='line_1_21' title="bbox 413 2975 1091 3059; baseline -0.003 -18"><span class='ocrx_word' id='word_1_99' title='bbox 413 2975 572 3041; x_wconf 67' lang='lat' dir='ltr'>merubidos</span> <span class='ocrx_word' id='word_1_100' title='bbox 673 2978 783 3059; x_wconf 83' lang='lat' dir='ltr'>ignoti</span> <span class='ocrx_word' id='word_1_101' title='bbox 797 2977 1091 3040; x_wconf 69' lang='lat' dir='ltr'>innumerabiles!</span> 
     </span>
    </p>
   </div>
   <div class='ocr_carea' id='block_1_8' title="bbox 250 3100 812 3183">
    <p class='ocr_par' dir='ltr' id='par_1_9' title="bbox 250 3100 812 3183">
     <span class='ocr_line' id='line_1_22' title="bbox 250 3100 812 3183; baseline -0.009 -14"><span class='ocrx_word' id='word_1_102' title='bbox 250 3109 302 3183; x_wconf 88' lang='lat'>38,</span> <span class='ocrx_word' id='word_1_103' title='bbox 341 3106 394 3176; x_wconf 89' lang='lat'>30,</span> <span class='ocrx_word' id='word_1_104' title='bbox 409 3102 567 3164; x_wconf 74' lang='lat' dir='ltr'>vicecomes</span> <span class='ocrx_word' id='word_1_105' title='bbox 651 3100 812 3166; x_wconf 88' lang='lat' dir='ltr'>vicarius.</span> 
     </span>
    </p>
   </div>
   <div class='ocr_carea' id='block_1_9' title="bbox 251 3222 1363 4570">
    <p class='ocr_par' dir='ltr' id='par_1_10' title="bbox 251 3222 1363 4570">
     <span class='ocr_line' id='line_1_23' title="bbox 251 3222 1354 3309; baseline -0.004 -16"><span class='ocrx_word' id='word_1_106' title='bbox 251 3231 304 3302; x_wconf 87' lang='lat'>39,</span> <span class='ocrx_word' id='word_1_107' title='bbox 364 3230 395 3303; x_wconf 88' lang='lat'>8,</span> <span class='ocrx_word' id='word_1_108' title='bbox 413 3222 594 3309; x_wconf 69' lang='lat' dir='ltr'>coqnooisoct&#39;</span> <span class='ocrx_word' id='word_1_109' title='bbox 638 3225 754 3290; x_wconf 76' lang='lat' dir='ltr'>After</span> <span class='ocrx_word' id='word_1_110' title='bbox 779 3224 1046 3305; x_wconf 83' lang='lat' dir='ltr'>‘cognovisset’</span> <span class='ocrx_word' id='word_1_111' title='bbox 1073 3222 1131 3287; x_wconf 92' lang='lat' dir='ltr'>the</span> <span class='ocrx_word' id='word_1_112' title='bbox 1158 3223 1254 3288; x_wconf 85' lang='lat' dir='ltr'>Ceoil</span> <span class='ocrx_word' id='word_1_113' title='bbox 1284 3226 1354 3290; x_wconf 92' lang='lat' dir='ltr'>and</span> 
     </span>
     <span class='ocr_line' id='line_1_24' title="bbox 676 3323 1355 3407; baseline -0.003 -19"><span class='ocrx_word' id='word_1_114' title='bbox 676 3323 792 3406; x_wconf 89' lang='lat' dir='ltr'>Royal</span> <span class='ocrx_word' id='word_1_115' title='bbox 804 3323 906 3386; x_wconf 88' lang='lat' dir='ltr'>MSS.</span> <span class='ocrx_word' id='word_1_116' title='bbox 921 3323 1040 3399; x_wconf 88' lang='lat' dir='ltr'>insert,</span> <span class='ocrx_word' id='word_1_117' title='bbox 1052 3323 1186 3405; x_wconf 90' lang='lat' dir='ltr'>‘ipsum</span> <span class='ocrx_word' id='word_1_118' title='bbox 1196 3323 1283 3406; x_wconf 91' lang='lat' dir='ltr'>jam,</span> <span class='ocrx_word' id='word_1_119' title='bbox 1293 3324 1355 3407; x_wconf 90' lang='lat' dir='ltr'>qui</span> 
     </span>
     <span class='ocr_line' id='line_1_25' title="bbox 674 3421 1356 3505; baseline 0.001 -19"><span class='ocrx_word' id='word_1_120' title='bbox 674 3424 711 3486; x_wconf 92' lang='lat' dir='ltr'>in</span> <span class='ocrx_word' id='word_1_121' title='bbox 734 3423 891 3505; x_wconf 83' lang='lat' dir='ltr'>prioratu</span> <span class='ocrx_word' id='word_1_122' title='bbox 909 3422 1020 3484; x_wconf 89' lang='lat' dir='ltr'>sancti</span> <span class='ocrx_word' id='word_1_123' title='bbox 1036 3421 1183 3485; x_wconf 87' lang='lat' dir='ltr'>Martini</span> <span class='ocrx_word' id='word_1_124' title='bbox 1201 3422 1356 3504; x_wconf 88' lang='lat' dir='ltr'>hospita-</span> 
     </span>
     <span class='ocr_line' id='line_1_26' title="bbox 674 3519 1355 3596; baseline -0.001 -11"><span class='ocrx_word' id='word_1_125' title='bbox 674 3523 789 3596; x_wconf 85' lang='lat' dir='ltr'>batur,</span> <span class='ocrx_word' id='word_1_126' title='bbox 812 3519 947 3583; x_wconf 86' lang='lat' dir='ltr'>obsedit</span> <span class='ocrx_word' id='word_1_127' title='bbox 964 3526 999 3583; x_wconf 91' lang='lat' dir='ltr'>et</span> <span class='ocrx_word' id='word_1_128' title='bbox 1012 3519 1103 3583; x_wconf 87' lang='lat' dir='ltr'>fame</span> <span class='ocrx_word' id='word_1_129' title='bbox 1118 3521 1355 3586; x_wconf 86' lang='lat' dir='ltr'>immisericor-</span> 
     </span>
     <span class='ocr_line' id='line_1_27' title="bbox 676 3619 1354 3700; baseline -0.001 -17"><span class='ocrx_word' id='word_1_130' title='bbox 676 3620 765 3683; x_wconf 87' lang='lat' dir='ltr'>diter</span> <span class='ocrx_word' id='word_1_131' title='bbox 781 3619 964 3695; x_wconf 86' lang='lat' dir='ltr'>coartavit,</span> <span class='ocrx_word' id='word_1_132' title='bbox 983 3625 1022 3682; x_wconf 92' lang='lat' dir='ltr'>ut</span> <span class='ocrx_word' id='word_1_133' title='bbox 1039 3619 1156 3683; x_wconf 84' lang='lat' dir='ltr'>vivere</span> <span class='ocrx_word' id='word_1_134' title='bbox 1171 3627 1354 3700; x_wconf 86' lang='lat' dir='ltr'>cogeretur</span> 
     </span>
     <span class='ocr_line' id='line_1_28' title="bbox 675 3716 1357 3801; baseline 0.004 -21"><span class='ocrx_word' id='word_1_135' title='bbox 675 3719 711 3780; x_wconf 91' lang='lat' dir='ltr'>in</span> <span class='ocrx_word' id='word_1_136' title='bbox 737 3717 881 3798; x_wconf 86' lang='lat' dir='ltr'>penuria</span> <span class='ocrx_word' id='word_1_137' title='bbox 905 3716 948 3779; x_wconf 90' lang='lat' dir='ltr'>de</span> <span class='ocrx_word' id='word_1_138' title='bbox 979 3716 1112 3781; x_wconf 82' lang='lat' dir='ltr'>alieno·</span> <span class='ocrx_word' id='word_1_139' title='bbox 1155 3717 1357 3801; x_wconf 90' lang='lat' dir='ltr'>Injunctum</span> 
     </span>
     <span class='ocr_line' id='line_1_29' title="bbox 677 3815 1358 3898; baseline 0.003 -18"><span class='ocrx_word' id='word_1_140' title='bbox 677 3823 730 3880; x_wconf 89' lang='lat' dir='ltr'>est</span> <span class='ocrx_word' id='word_1_141' title='bbox 762 3815 867 3879; x_wconf 91' lang='lat' dir='ltr'>etiam</span> <span class='ocrx_word' id='word_1_142' title='bbox 897 3815 929 3877; x_wconf 90' lang='lat' dir='ltr'>ei</span> <span class='ocrx_word' id='word_1_143' title='bbox 963 3815 1114 3891; x_wconf 90' lang='lat' dir='ltr'>tandem,</span> <span class='ocrx_word' id='word_1_144' title='bbox 1145 3825 1185 3879; x_wconf 91' lang='lat' dir='ltr'>ut</span> <span class='ocrx_word' id='word_1_145' title='bbox 1213 3817 1358 3898; x_wconf 90' lang='lat' dir='ltr'>praecise</span> 
     </span>
     <span class='ocr_line' id='line_1_30' title="bbox 678 3913 1358 3998; baseline 0.001 -20"><span class='ocrx_word' id='word_1_146' title='bbox 678 3915 790 3978; x_wconf 88' lang='lat' dir='ltr'>exiret</span> <span class='ocrx_word' id='word_1_147' title='bbox 807 3913 850 3976; x_wconf 90' lang='lat' dir='ltr'>de</span> <span class='ocrx_word' id='word_1_148' title='bbox 871 3932 979 3993; x_wconf 84' lang='lat' dir='ltr'>regno</span> <span class='ocrx_word' id='word_1_149' title='bbox 1001 3913 1206 3978; x_wconf 88' lang='lat' dir='ltr'>festinanter</span> <span class='ocrx_word' id='word_1_150' title='bbox 1229 3934 1272 3978; x_wconf 92' lang='lat' dir='ltr'>ne</span> <span class='ocrx_word' id='word_1_151' title='bbox 1296 3935 1358 3998; x_wconf 92' lang='lat' dir='ltr'>pe·</span> 
     </span>
     <span class='ocr_line' id='line_1_31' title="bbox 673 4011 1360 4097; baseline 0.001 -20"><span class='ocrx_word' id='word_1_152' title='bbox 673 4014 734 4097; x_wconf 89' lang='lat' dir='ltr'>jus</span> <span class='ocrx_word' id='word_1_153' title='bbox 752 4012 783 4075; x_wconf 93' lang='lat' dir='ltr'>ei</span> <span class='ocrx_word' id='word_1_154' title='bbox 798 4012 1022 4092; x_wconf 82' lang='lat' dir='ltr'>contingeret.</span> <span class='ocrx_word' id='word_1_155' title='bbox 1069 4011 1360 4078; x_wconf 85' lang='lat' dir='ltr'>Excommunica-</span> 
     </span>
     <span class='ocr_line' id='line_1_32' title="bbox 679 4110 1360 4193; baseline 0.001 -17"><span class='ocrx_word' id='word_1_156' title='bbox 679 4114 730 4176; x_wconf 90' lang='lat' dir='ltr'>vit</span> <span class='ocrx_word' id='word_1_157' title='bbox 742 4112 849 4193; x_wconf 85' lang='lat' dir='ltr'>igitur</span> <span class='ocrx_word' id='word_1_158' title='bbox 857 4110 1134 4193; x_wconf 88' lang='lat' dir='ltr'>archiepiscopus</span> <span class='ocrx_word' id='word_1_159' title='bbox 1146 4131 1263 4176; x_wconf 86' lang='lat' dir='ltr'>omnes</span> <span class='ocrx_word' id='word_1_160' title='bbox 1279 4113 1360 4177; x_wconf 90' lang='lat' dir='ltr'>illos</span> 
     </span>
     <span class='ocr_line' id='line_1_33' title="bbox 678 4209 1361 4295; baseline 0.001 -21"><span class='ocrx_word' id='word_1_161' title='bbox 678 4211 898 4295; x_wconf 86' lang='lat' dir='ltr'>injuriatores</span> <span class='ocrx_word' id='word_1_162' title='bbox 923 4209 1005 4289; x_wconf 88' lang='lat' dir='ltr'>quia</span> <span class='ocrx_word' id='word_1_163' title='bbox 1028 4209 1103 4292; x_wconf 90' lang='lat' dir='ltr'>jarn</span> <span class='ocrx_word' id='word_1_164' title='bbox 1134 4229 1256 4273; x_wconf 87' lang='lat' dir='ltr'>manus</span> <span class='ocrx_word' id='word_1_165' title='bbox 1284 4213 1361 4275; x_wconf 83' lang='lat' dir='ltr'>vio-</span> 
     </span>
     <span class='ocr_line' id='line_1_34' title="bbox 679 4307 1361 4391; baseline 0 -17"><span class='ocrx_word' id='word_1_166' title='bbox 679 4311 792 4374; x_wconf 85' lang='lat' dir='ltr'>lentas</span> <span class='ocrx_word' id='word_1_167' title='bbox 811 4311 847 4372; x_wconf 94' lang='lat' dir='ltr'>in</span> <span class='ocrx_word' id='word_1_168' title='bbox 862 4310 975 4391; x_wconf 88' lang='lat' dir='ltr'>ipsum</span> <span class='ocrx_word' id='word_1_169' title='bbox 991 4307 1196 4390; x_wconf 90' lang='lat' dir='ltr'>injecerunt,</span> <span class='ocrx_word' id='word_1_170' title='bbox 1209 4311 1361 4391; x_wconf 78' lang='lat' dir='ltr'>‚turpiter</span> 
     </span>
     <span class='ocr_line' id='line_1_35' title="bbox 679 4407 1363 4492; baseline -0.001 -20"><span class='ocrx_word' id='word_1_171' title='bbox 679 4415 942 4473; x_wconf 86' lang='lat' dir='ltr'>contrectantes.</span> <span class='ocrx_word' id='word_1_172' title='bbox 1009 4407 1056 4470; x_wconf 91' lang='lat' dir='ltr'>Et</span> <span class='ocrx_word' id='word_1_173' title='bbox 1096 4407 1236 4470; x_wconf 91' lang='lat' dir='ltr'>tandem</span> <span class='ocrx_word' id='word_1_174' title='bbox 1278 4427 1363 4492; x_wconf 91' lang='lat' dir='ltr'>cap-</span> 
     </span>
     <span class='ocr_line' id='line_1_36' title="bbox 678 4508 761 4570; baseline 0.024 -2"><span class='ocrx_word' id='word_1_175' title='bbox 678 4508 761 4570; x_wconf 63' lang='lat' dir='ltr'>tus?</span> 
     </span>
    </p>
   </div>
   <div class='ocr_carea' id='block_1_10' title="bbox 0 0 1708 5625">
    <p class='ocr_par' dir='ltr' id='par_1_11' title="bbox 0 0 1708 5625">
     <span class='ocr_line' id='line_1_37' title="bbox 0 0 1708 5625; baseline 0 0"><span class='ocrx_word' id='word_1_176' title='bbox 0 0 1708 5625; x_wconf 95' lang='lat' dir='ltr'> </span> 
     </span>
    </p>
   </div>
  </div>
 </body>
</html>
