3384 5625
292 758 358 825 252
664 776 864 824 nnc'rronns
888 776 1021 824 vnnrn.

305 900 361 936 rto.
390 900 443 936 ΗΝ.

295 958 370 1038 167,
389 963 443 1035 19,
459 961 611 1026 hostiliter
691 962 900 1044 inquietans.

462 1062 602 1146 equitans

294 1184 368 1259 168,
386 1185 440 1260 24,
456 1185 550 1248 eoerti
691 1182 800 1245 everti
815 1182 871 1245 vel
887 1182 1100 1263 naufragari.

294 1310 367 1384 169,
389 1312 440 1384 10,
456 1310 620 1374 esoeitootes
693 1305 935 1368 excitaverunt
953 1311 1000 1368 et.
1099 1337 1103 1342 ·

294 1430 369 1509 170,
407 1437 438 1509 9,
456 1434 634 1499 eostttereoe
693 1429 819 1492 obtulit
837 1429 998 1493 inimicis,

290 1592 345 1625 .-
389 1553 441 1633 27,
458 1558 611 1621 reemeoit
694 1551 871 1615 refutavit.

295 1677 370 1755 171,
390 1682 442 1755 16,
459 1680 617 1744 didicisset
693 1677 926 1757 cognovisset.

294 1845 344 1856 -
389 1806 440 1880 32,
450 1812 647 1887 peremerant
694 1800 902 1881 perimendo.

296 1925 370 2006 173,
411 1925 441 2005 7,
455 1929 490 1991 io
514 1928 647 1991 sinentis
694 1923 842 1987 vinculis
858 1930 912 1986 est
927 1922 1098 1986 addictus.

459 2036 501 2091 est
516 2025 629 2091 noeoe-

459 2135 508 2191 ties

293 2288 345 2297 ..
389 2247 441 2327 17,
457 2271 563 2336 yeme
695 2242 788 2305 addit
811 2241 937 2319 Paris„
963 2260 1026 2305 rex
1057 2242 1283 2324 comperiens,
1304 2243 1400 2325 quod

718 2341 858 2423 quidam
892 2360 1033 2404 suorum
1067 2347 1262 2408 avertentes
1293 2361 1332 2405 se
1363 2350 1399 2406 et

717 2459 785 2502 non
825 2441 998 2504 servando
1036 2440 1137 2503 fidem
1168 2453 1217 2505 'ac
1256 2449 1398 2523 paetum

717 2558 830 2615 suum,
854 2540 891 2602 in
913 2559 972 2603 ore
994 2558 1058 2603 suo
1083 2547 1118 2603 et
1138 2540 1241 2604 corde
1262 2541 1399 2605 mentiti

717 2647 799 2703 sunt
817 2639 861 2703 ei.

293 2802 347 2818 —
389 2770 444 2844 29,
459 2767 569 2832 mattos
694 2762 783 2826 deest.

296 2889 371 2966 174,
406 2893 647 2970 &Romanorem
695 2886 783 2950 deest.

295 3051 346 3062 -
391 3011 443 3090 27,
462 3035 559 3078 oense
694 3008 786 3072 addit
809 3009 937 3087 Paris,
966 3019 1001 3075 et
1036 3011 1181 3075 aliorum
1213 3010 1399 3074 arduorum

718 3108 948 3190 negotiorum,
972 3130 1050 3192 quse
1076 3118 1185 3175 totam
1209 3110 1400 3191 tangebant

718 3207 1027 3274 Christianitatem.

295 3327 371 3405 175,
412 3332 444 3406 2,
455 3330 575 3414 merois
695 3331 905 3395 holosericis,

294 3495 346 3508 -
412 3457 442 3531 5,
457 3454 591 3539 regiones
695 3463 815 3519 carent
831 3456 966 3520 incolae.

459 3552 609 3618 abstineret

295 3718 347 3729 —
392 3678 444 3751 12,
459 3676 580 3741 mititte
596 3722 603 3736 .
618 3722 645 3737 ..
695 3676 812 3741 asine.

222 3792 228 3797 ·
461 3773 623 3855 Hosnitel‘

296 3935 348 3947 -
392 3897 445 3970 30,
462 3893 587 3978 adferre
597 3894 647 3959 de-
696 3894 829 3958 deferre
855 3896 1028 3963 debebant
1054 3919 1131 3963 cum
1154 3907 1290 3965 onustae
1313 3901 1401 3965 veli-

466 3991 573 4058 behont
715 3995 869 4059 ficarent.

299 4113 372 4194 176,
392 4118 446 4195 16,
461 4117 553 4202 tejas
697 4116 915 4200 Anglieanae.

294 4276 346 4286 —
390 4243 444 4317 23,
461 4241 581 4306 oeoiees
697 4242 858 4320 venienS,·
876 4261 984 4307 causa
1010 4242 1131 4306 orandi
1153 4235 1294 4326 Angliee
1317 4263 1400 4327 pro·

717 4348 955 4424 tomartyrem.
1054 4394 1058 4403 .

294 4499 345 4510 -
388 4459 442 4531 29,
458 4457 635 4542 Interrogor
696 4464 936 4548 Interrogatus
951 4474 1066 4531 autem
1083 4466 1398 4549 interloquendum

457 4565 506 4619 tns
520 4565 621 4620 erotem
716 4565 759 4626 ab
782 4585 862 4642 uno,
885 4567 944 4648 qui
970 4565 1087 4629 fuitei
1108 4566 1266 4631 assidens
1293 4565 1398 4630 colla·
