3384 5625
667 767 870 814 nrcrrouns
894 768 1027 816 vaura.
1357 756 1402 819 55

305 888 362 923 Plu.
385 886 437 923 ult.

297 949 370 1022 172,
385 952 437 1025 33,
451 949 636 1014 condonavit
691 952 785 1015 addit
823 952 947 1028 Paris,
984 953 1028 1017 In
1064 952 1196 1035 Anglia
1233 955 1398 1037 pestifera

715 1052 909 1115 mortalitas
925 1054 1137 1129 animalium,
1149 1055 1302 1118 maxima
1313 1075 1396 1137 qno

714 1170 782 1232 quc
798 1150 986 1229 bominum,
1004 1152 1069 1216 boc
1081 1161 1236 1235 tempore
1253 1154 1329 1217 fnit.

295 1267 369 1345 173,
385 1272 436 1347 21,
444 1269 645 1355 principibus
692 1272 817 1336 Turcis
829 1274 1024 1338 infidelibus
1040 1295 1102 1357 por
1115 1295 1261 1358 quorum
1273 1285 1395 1341 terrae.

502 1392 645 1455 perquer

294 1490 369 1565 174,
386 1495 440 1568 30,
454 1492 573 1555 dicitur
691 1492 880 1559 dicebatur.

295 1613 366 1690 175,
384 1618 437 1690 32,
455 1615 627 1679 intulerunt
690 1617 818 1681 intulit.

294 1734 369 1810 177,
386 1740 437 1812 24,
455 1746 583 1800 testatur
691 1739 897 1802 testabatur.

292 1903 343 1913 -
388 1864 441 1934 25,
456 1859 642 1924 dabcuutob
690 1861 897 1926 obsiderent.

455 1961 555 2023 sidere

293 2081 369 2160 178,
405 2085 435 2158 6,
444 2105 543 2168 propo
691 2104 798 2166 prope
811 2084 940 2149 hostes

295 2210 370 2284 180,
387 2209 474 2282 20,se
475 2208 644 2291 praefracti
692 2227 729 2271 se
745 2209 904 2291 utrisque
920 2208 1079 2272 manibus
1096 2209 1291 2291 praecinxit.

291 2371 342 2381 —
386 2327 438 2405 27,
455 2330 558 2414 iuquit
691 2330 781 2395 deest

294 2454 367 2526 181,
410 2456 440 2529 3,
458 2454 642 2537 transfretu-
691 2455 784 2518 addit
802 2455 929 2531 Paris,
953 2460 993 2517 ut
1009 2453 1247 2536 multiplicatis
1263 2454 1394 2517 viribus

455 2554 501 2616 cit
712 2554 835 2619 fortior
849 2561 1028 2617 remearet.

291 2718 342 2729 -
386 2678 641 2752 flammatae
690 2680 782 2742 addit
810 2678 937 2753 Paris„
964 2677 1044 2742 Rex
1069 2678 1187 2759 itaque
1219 2676 1393 2741 Heurieus

450 2777 491 2840 sit
713 2780 865 2844 sentiens
890 2778 1133 2843 conscientiam
1155 2794 1253 2840 suam
1273 2777 1309 2839 in
1333 2778 1394 2841 ob·

712 2887 809 2944 tento
823 2879 923 2960 regni
934 2878 1170 2953 cauteriatam,
1182 2884 1257 2939 erat
1266 2877 1394 2959 quippe

713 2979 890 3060 eleganter
912 2979 1083 3053 literatus,
1104 2983 1226 3058 utpote
1245 2994 1267 3038 a
1290 2978 1394 3058 prim·

713 3099 789 3142 aeva
803 3085 908 3142 aetate
921 3084 1096 3160 praecepto
1112 3077 1221 3159 patris
1234 3075 1393 3140 addictus

712 3178 820 3242 literis
837 3178 956 3261 etjam
973 3178 1006 3240 iu
1020 3177 1113 3260 jure,
1131 3175 1221 3258 qnod
1236 3176 1394 3239 audierat

714 3285 861 3353 secreto,
879 3276 1075 3359 expedituS,
1093 3276 1200 3357 coepit
1216 3275 1252 3337 in
1269 3282 1393 3339 semet·

713 3378 789 3458 ipso
821 3377 969 3458 impetus
1000 3375 1252 3455 insurgentium
1277 3374 1392 3437 formi-

713 3475 807 3551 dare,
845 3482 882 3538 et
914 3474 981 3537 Dei
1013 3472 1182 3557 judicium
1217 3472 1252 3533 in
1278 3473 1392 3554 ipsum

712 3575 909 3652 fulminare,
933 3593 974 3637 eo
1000 3572 1092 3656 quod
1114 3570 1213 3634 fratri
1238 3589 1299 3634 suo
1322 3572 1392 3654 pri·

713 3676 900 3756 mogenito,
928 3674 984 3737 cui
1004 3673 1065 3757 jus
1090 3671 1188 3752 regni
1212 3669 1392 3736 manifeste

712 3775 942 3856 competebat,
969 3778 1096 3836 temere
1118 3770 1316 3853 usurpando
1339 3772 1392 3834 in·

708 3874 804 3958 juste
836 3874 938 3936 nimis
971 3871 1183 3948 abstulerat3
1222 3870 1281 3934 sed
1313 3870 1392 3953 plus

712 3975 837 4036 timeus
855 3972 1010 4035 homines
1029 3988 1133 4051 quam
1151 3969 1277 4045 Deum,
1295 3972 1391 4051 regni

713 4071 845 4134 nobiles
861 4071 971 4152 primo
989 4067 1141 4131 subdolis
1159 4067 1320 4148 pollicitis
1338 4069 1391 4130 in·

713 4169 874 4234 elinando
896 4167 1103 4240 conciliavit,
1122 4166 1279 4245 cogitans
1295 4174 1392 4246 post·

713 4288 755 4334 ea
775 4288 837 4350 per
857 4267 1092 4331 fundationem
1114 4265 1275 4340 abbatiae,
1288 4284 1391 4346 quam

712 4377 911 4433 construere
924 4371 1163 4448 proposuerat,
1176 4364 1218 4428 de
1233 4370 1332 4428 tanta
1342 4366 1392 4429 iu·

707 4469 803 4552 juria
819 4467 895 4530 Deo
913 4465 1123 4528 satisfacere.
1165 4464 1392 4545 Magnatibus

711 4569 818 4649 igitur
829 4567 927 4648 regni
940 4567 983 4629 ob
998 4565 1063 4629 boc
1075 4563 1288 4627 Londoniam
1301 4563 1391 4627 edic-
