3384 5625
667 799 867 847 nncrronas
892 801 1022 848 varin.
1334 787 1397 850 161

303 917 360 953 ΡΛῦ.
382 919 434 954 uit.

295 981 369 1056 226,
387 983 441 1055 13,
457 1004 526 1044 ema
540 1006 571 1045 eo
693 984 785 1047 addit
797 985 924 1063 Paris,
935 985 990 1049 Ad
1003 989 1127 1052 festum
1140 1008 1276 1071 quoque
1285 993 1396 1054 sancti

715 1084 899 1148 Michaelis
924 1096 1076 1168 amotum
1106 1096 1159 1152 est
1186 1090 1395 1153 scaccarium

714 1202 736 1245 a
757 1184 1069 1252 westmonasterio
1095 1208 1205 1271 nsque
1223 1188 1396 1252 Norbam·

715 1289 776 1346 tun
797 1304 858 1366 per
882 1304 997 1367 regem
1015 1287 1050 1349 in
1069 1289 1184 1352 odium
1204 1288 1395 1352 Londinen-

714 1400 812 1446 sium.

296 1502 369 1581 227,
386 1507 438 1582 16,
454 1504 569 1568 Eodem
694 1500 820 1564 Eodem
832 1522 922 1568 anno
936 1504 1110 1569 Henrious
1122 1507 1192 1571 dux
1206 1507 1393 1585 Saxonum,

461 1625 543 1666 cano
713 1599 820 1664 frater
837 1602 985 1667 Othonis
1007 1606 1235 1688 imperatoris
1251 1609 1347 1674 venit
1357 1610 1391 1672 in

714 1697 900 1782 Angliam3
922 1705 954 1764 0.

297 1828 370 1901 233,
390 1829 440 1901 10,
455 1825 569 1890 simol.
588 1875 594 1888 .
612 1876 643 1891 ..
692 1823 806 1887 dabam.

461 1948 620 1990 domma-

461 2047 525 2089 Ydm

294 2190 345 2202 ..
389 2150 439 2226 20,
457 2148 587 2215 absolvit
692 2145 784 2209 addit
814 2144 941 2222 Paris,
967 2146 1014 2210 Et
1045 2147 1124 2211 hinc
1156 2148 1272 2212 odium
1303 2152 1395 2230 regis

714 2244 885 2309 Johannis
911 2254 947 2309 ct
966 2246 1051 2309 iram
1080 2246 1262 2312 efficaciter
1287 2250 1395 2313 obdu·

715 2346 815 2409 ravit.

295 2509 344 2517 —
389 2469 441 2544 31,
455 2468 635 2534 babitabant
692 2469 909 2533 habitabant.
951 2470 1137 2553 Hugonem
1153 2473 1195 2535 de
1213 2471 1316 2536 Lasci
1333 2493 1394 2536 ox-

715 2569 817 2651 pulit‚
842 2578 877 2632 et
900 2576 1009 2633 totam
1031 2571 1222 2635 chrniam
1243 2572 1279 2633 in
1299 2572 1394 2634 dedi·

714 2668 844 2731 tionem
877 2669 1021 2750 accepit.
1069 2669 1112 2731 In
1141 2670 1252 2733 reditu
1279 2678 1394 2733 tamen

715 2767 792 2831 Deo
826 2767 984 2849 ingratus
1019 2769 1260 2849 gravissimum
1295 2770 1396 2834 talla·

715 2867 811 2948 gium
837 2867 1005 2948 imposuit
1026 2887 1130 2951 super
1153 2888 1271 2933 omnes
1287 2870 1393 2933 abba-

715 2968 784 3030 tias
796 2975 831 3031 et
846 2967 968 3030 domus
985 2968 1221 3049 religiosorum
1231 2969 1394 3046 virorum,

715 3074 750 3130 et
775 3067 926 3130 maxime
950 3067 1194 3132 Cistercienses
1217 3069 1396 3133 immiseri-

715 3166 865 3229 corditer
882 3169 1073 3248 oppressit3
1095 3169 1129 3231 0.

294 3332 342 3342 —
388 3294 441 3366 32,
456 3291 632 3355 cantitaera
693 3296 905 3353 construere.

295 3413 368 3488 234,
386 3410 437 3488 17,
455 3433 578 3475 acorem
694 3412 878 3477 Matildcm
897 3432 1052 3476 uxorem.

294 3576 344 3586 —
388 3538 442 3611 20,
459 3537 537 3621 cepit
693 3537 786 3601 addit
812 3534 937 3610 Paris,
961 3555 982 3599 a
1009 3557 1078 3619 quo
1096 3536 1183 3600 ciam
1208 3540 1394 3604 evadentes

716 3645 752 3701 et
781 3644 904 3719 postca
931 3656 1049 3701 rursus
1083 3638 1176 3718 capti
1209 3639 1324 3702 insula
1353 3641 1395 3703 de

716 3737 814 3820 May,
832 3738 905 3819 regi
923 3745 1004 3801 sunt
1020 3737 1228 3820 praesentati.

293 3897 344 3906 -
388 3862 441 3934 22,
457 3858 616 3943 depatooit
694 3858 786 3922 addit
798 3858 925 3935 Paris,
935 3861 994 3942 qui
1005 3880 1137 3938 omnes,
1150 3880 1230 3942 rege
1238 3862 1396 3945 jubente,

716 3959 806 4021 fame
821 3959 1006 4040 perierunt.

295 4084 368 4156 235,
411 4081 643 4157 &dedentem
694 4100 757 4143 nec
772 4080 928 4162 permisit
946 4081 1042 4143 albos
1063 4082 1207 4144 abbates
1233 4082 1308 4163 ipso
1333 4102 1396 4145 an·

442 4183 644 4265 poresama
718 4199 763 4242 no
795 4198 947 4242 annuum
978 4179 1073 4242 adire
1111 4179 1313 4260 capitulum,
1354 4201 1396 4244 ne

441 4280 605 4364 perierant
716 4277 804 4342 forte
834 4297 952 4341 eorum
982 4278 1122 4360 querela
1153 4286 1264 4341 totum
1298 4300 1397 4343 mun·

718 4379 798 4441 dum
816 4378 852 4439 in
870 4396 985 4458 regem
999 4386 1241 4442 commoveret.
1280 4379 1397 4463 Hujus

717 4479 765 4541 rei
793 4476 981 4541 consiliarii
1007 4476 1146 4541 fuerunt
1173 4478 1264 4560 apud
1299 4499 1396 4543 sanc-

719 4584 789 4640 tam
819 4576 998 4658 Brigidam
1025 4576 1283 4641 Londoniarum
1310 4577 1399 4642 Wil-

1222 4693 1248 4738 Μ
