3384 5625
629 755 827 804 anemonas
853 756 985 804 viarm.
1295 742 1361 807 303

255 937 487 1001 necessarium
505 944 546 1002 ut
561 937 736 1020 principes
751 944 787 1001 et
800 937 920 1020 populi
938 935 1127 1001 Christiani
1147 939 1191 1003 ad
1210 938 1356 1004 invicem

255 1055 376 1119 pacem
409 1038 603 1114 observent,
631 1037 737 1121 juxta
764 1037 857 1119 quod
883 1043 1053 1101 statutum
1079 1045 1132 1102 est
1154 1039 1190 1101 in
1212 1040 1357 1104 concilio

255 1136 420 1217 generali,
434 1137 594 1202 volumus
617 1143 653 1200 et
669 1136 873 1199 mandamus
894 1143 933 1200 ut
948 1136 1071 1200 saltem
1095 1156 1156 1219 per
1177 1139 1359 1219 quadrien-

256 1237 350 1299 nium
372 1237 408 1300 in
426 1242 499 1300 toto
517 1239 600 1300 orbe
617 1234 816 1300 Christiano
830 1255 903 1318 pax
920 1236 1128 1316 generaliter
1142 1238 1356 1313 observetur,

255 1336 307 1399 ita
323 1335 415 1418 quod
436 1355 499 1417 per
517 1336 739 1399 ecclesiarum
757 1335 922 1418 praelatos
937 1336 1174 1399 discordantes
1189 1337 1357 1402 reducan-

257 1441 316 1498 tur
337 1434 381 1499 ad
405 1435 543 1517 plenam
563 1453 683 1517 pacem
706 1440 767 1498 aut
782 1433 916 1496 firmam
931 1441 1091 1515 treugam
1112 1435 1358 1500 inviolabiliter

257 1533 524 1612 observandam
547 1539 582 1596 et
593 1533 653 1616 qui
663 1533 883 1615 adquiescere
897 1533 985 1596 forte
1000 1535 1279 1615 contempserint,
1297 1555 1359 1617 per

257 1633 647 1697 excommunicationem
667 1633 703 1694 in
727 1649 893 1715 personas
907 1639 942 1695 et
956 1632 1175 1696 interdictum
1193 1633 1355 1697 interrae

257 1732 449 1797 arctissime
477 1731 740 1814 compellantur,
766 1732 833 1795 nisi
861 1737 960 1795 tanta
988 1730 1092 1794 fuerit
1116 1731 1358 1815 injuriatorum

256 1831 390 1895 malitia
409 1831 502 1914 quod
527 1850 597 1896 non
619 1831 768 1894 debeant
783 1849 868 1911 pace
891 1829 1050 1911 gaudere.
1103 1828 1206 1908 Quod
1222 1831 1252 1894 si
1269 1831 1358 1897 forte

256 1950 437 1995 censuram
453 1930 720 1994 ecclesiasticam
735 1927 992 2011 vilipenderint,
1015 1936 1178 2011 poterunt
1202 1950 1271 1994 non
1293 1932 1357 1995 im-

256 2030 381 2094 merito
406 2030 602 2105 formidare,
630 2048 674 2093 ne
697 2048 758 2111 per
788 2030 1030 2093 auctoritatem
1055 2028 1208 2092 ecclesiae
1235 2036 1357 2095 contra

257 2148 317 2193 eos
343 2136 508 2212 tanquam
535 2129 792 2211 perturbatores
822 2128 953 2208 negotii
980 2126 1148 2191 Crucifixi
1179 2129 1357 2193 saecularis

256 2228 413 2311 potentia
428 2228 622 2293 inducatur.
668 2225 910 2308 Accingantur
924 2227 1032 2307 igitur
1044 2245 1162 2290 omnes
1177 2227 1239 2290 filii
1254 2228 1358 2311 adop

257 2328 363 2392 tionis
378 2328 503 2392 divinae
521 2326 565 2391 ad
580 2326 783 2408 obsequium
803 2325 826 2388 J
829 2345 890 2390 esu
911 2324 1052 2402 Christi,
1071 2326 1301 2391 dissensiones
1324 2335 1360 2393 et

257 2427 337 2491 lites
354 2427 390 2489 in
405 2427 501 2508 pacis
517 2433 553 2491 et
567 2425 759 2489 dilectionis
777 2425 910 2489 foedera
926 2433 1192 2505 commutantes;
1220 2428 1358 2491 creden·

258 2525 303 2590 do
327 2525 479 2601 firmiter,
507 2526 611 2608 quod,
635 2526 665 2588 si
685 2545 763 2589 vere
781 2526 929 2589 confessi
952 2525 1080 2589 fuerint
1101 2533 1136 2587 et
1150 2528 1359 2608 compuncti,

259 2624 350 2689 felici
368 2626 571 2689 commercio
587 2624 762 2688 laboribus
778 2624 862 2701 suis,
883 2624 942 2705 qui
963 2624 1032 2687 cito
1050 2631 1241 2700 transcunt,
1262 2632 1360 2688 aeter·

258 2743 339 2787 nam
370 2725 523 2807 requiem
553 2723 808 2787 mercabantur.
869 2722 1001 2785 Datum
1034 2721 1178 2803 Spoleti,
1209 2724 1358 2788 secundo

258 2843 368 2889 nonas
384 2823 607 2907 Septembris,
623 2822 845 2906 pontificatus
860 2823 968 2886 nostri
983 2841 1074 2886 anno
1089 2823 1235 2886 octavo!

443 2991 654 3054 Rorauooram
670 2987 812 3052 uocatae
826 2986 926 3072 obfuit
939 2987 1054 3072 occatio
1069 2987 1180 3051 crocis.

309 3123 400 3187 Haec
424 3141 502 3185 cum
525 3142 587 3205 per
614 3120 890 3184 Christianorum
918 3119 1072 3196 climata,
1099 3119 1272 3203 praecipue
1298 3139 1360 3202 per

259 3222 437 3304 Angliam,
464 3219 595 3285 Christi
620 3220 778 3282 fidelihus
804 3219 1067 3294 innotescerent,
1095 3226 1130 3281 et
1157 3219 1359 3300 praedicatio
1419 3208 1421 3212 ’

258 3342 320 3405 per
344 3321 520 3405 praelatos,
542 3320 692 3384 maxime
708 3338 790 3383 vero
813 3337 875 3400 per
899 3317 1039 3380 Fratres
1057 3316 1309 3381 Praedicatores
1325 3326 1360 3382 et

259 3422 426 3497 Minores,
449 3420 559 3497 fieret,
575 3420 700 3503 quibus
719 3417 801 3481 data
817 3417 884 3479 fuit
901 3422 1056 3498 potestas
1071 3434 1171 3479 cruce
1187 3417 1361 3498 signandi,

260 3530 295 3586 ct
322 3528 442 3586 votum
464 3519 548 3584 data
577 3518 723 3602 pecunia
746 3513 938 3591 relaxandi,
970 3533 1044 3578 sese
1074 3515 1185 3592 multi,
1212 3534 1359 3598 quorum

259 3641 328 3686 non
350 3628 425 3685 erat
441 3637 615 3696 numerus,
638 3636 738 3681 cruce
763 3616 999 3696 signaverunt.
1051 3613 1119 3677 Sed
1141 3615 1210 3678 cito
1229 3614 1264 3676 in
1282 3622 1360 3679 tan·

258 3729 332 3787 tam
366 3720 592 3796 nobilitatem,
628 3737 671 3780 ne
707 3716 818 3780 dicam
858 3712 1105 3795 arrogantiam,
1136 3714 1360 3779 elevabantur

259 3818 511 3884 Praedicatores
540 3825 575 3882 ct
596 3818 763 3892 Minores,
791 3816 851 3899 qui
873 3822 1101 3897 spontaneam
1120 3821 1361 3898 paupertatem

260 3939 338 3983 cum
358 3917 552 3982 humilitate
576 3917 764 3998 clegerunt,
791 3922 831 3980 ut
845 3915 952 3997 recipi
966 3922 1128 3977 curarent
1143 3915 1179 3977 in
1195 3914 1360 3979 coenobiis

259 4026 295 4082 et
322 4017 522 4082 civitatibus
548 4017 585 4079 in
610 4015 828 4097 processione
856 4012 999 4088 solenni,
1021 4013 1058 4074 in
1080 4012 1230 4089 vexillis,
1253 4013 1360 4076 cereis

258 4117 424 4192 accensis,
450 4116 546 4179 etin
572 4113 796 4195 dispositione
824 4111 1041 4175 vestimentis
1064 4109 1197 4173 festivis
1224 4110 1358 4175 induto-

259 4235 357 4295 rum3
384 4221 419 4278 et
445 4232 609 4278 concessa
636 4219 689 4276 est
715 4212 764 4274 eis
792 4211 894 4273 venia
918 4209 1103 4273 multorum
1130 4209 1262 4273 dierum
1289 4210 1361 4274 suis

259 4315 414 4379 conferre
443 4313 671 4389 auditoribus,
699 4311 925 4392 signatosque
951 4308 1064 4385 hodie,
1090 4327 1167 4372 cras
1195 4309 1278 4373 data
1303 4329 1362 4391 pe-

257 4416 372 4491 cunia,
403 4433 426 4476 a
454 4414 565 4477 crucis
597 4418 678 4477 voto
718 4409 953 4485 absolverunt,
989 4427 1167 4492 parvoque
1207 4416 1362 4490 tempore

258 4513 465 4579 succedente
482 4513 577 4577 facta
600 4519 654 4575 est
678 4517 778 4575 tanta
800 4509 1038 4586 commutatio,
1056 4516 1126 4573 tam
1144 4508 1363 4573 multiformis
