3384 5625
363 755 429 822 308
728 774 928 822 anemonas
952 775 1086 822 viarm.

365 898 442 1035 iil,
455 898 513 1037 lli,
528 960 647 1023 Maria
763 960 888 1024 Mariae
903 960 938 1023 in
957 960 1097 1024 abbatia
1114 959 1379 1024 canonicorum.

365 1125 415 1136 -
460 1085 512 1160 14,
528 1084 714 1169 confugit...
763 1103 825 1165 per
841 1084 1076 1165 arrogantiam
1089 1084 1300 1166 confugerat.

531 1203 546 1245 e
561 1182 716 1246 contrario

365 1349 416 1360 -
461 1308 512 1384 16,
528 1308 688 1372 renouauit
763 1304 950 1368 revocavit.

365 1466 416 1478 —
461 1434 512 1509 18,
528 1432 716 1517 itaquod...
764 1429 815 1492 ita
837 1427 930 1511 quod
953 1447 1030 1491 eum
1052 1434 1245 1511 quaerentes
1269 1426 1466 1492 defecerunt

533 1533 715 1616 opportuni-
787 1534 983 1591 scrutantes
1019 1528 1196 1592 scrutinio.
1265 1528 1331 1591 Sed
1366 1527 1465 1590 multi

533 1639 625 1694 tatem
650 1632 705 1696 la-
788 1647 867 1690 eum
905 1627 1054 1692 Romam
1091 1628 1231 1708 petisse,
1279 1627 1323 1690 ad
1367 1627 1466 1711 cujus

532 1728 631 1794 herent
787 1727 917 1790 curiam
930 1727 1020 1791 viam
1039 1733 1119 1790 ante
1136 1746 1229 1809 saepe
1244 1727 1466 1802 contriverat,

788 1827 927 1907 quaudo
959 1826 1025 1890 fuit
1058 1826 1221 1889 Falconis
1253 1825 1379 1890 domini
1413 1825 1467 1887 sui

787 1932 1003 2007 procurator,
1031 1926 1297 2003 existimabant;
1329 1924 1389 1988 sed
1415 1943 1468 1987 re·

787 2044 871 2089 vera
898 2025 941 2088 ad
969 2024 1111 2089 Novum
1139 2024 1322 2108 Templum
1350 2044 1387 2087 se
1415 2023 1469 2085 in·

787 2123 923 2188 firmum
938 2124 1104 2188 simulans
1117 2124 1153 2187 in
1169 2124 1318 2208 quodam
1334 2130 1468 2188 secreto

787 2223 919 2287 celatus
936 2223 1075 2287 cellario
1090 2223 1263 2300 latitabat,
1283 2244 1377 2288 more
1395 2230 1467 2285 tec-

786 2329 843 2384 tus
859 2322 1024 2405 leporino.
1078 2322 1153 2385 Nec
1175 2324 1278 2386 etiarn
1302 2322 1346 2385 ad
1372 2342 1469 2385 man-

786 2419 906 2481 datum
930 2419 1020 2499 regis
1049 2421 1234 2496 excitatuS,
1263 2440 1342 2482 cum
1369 2421 1468 2482 scitae

787 2517 862 2601 ejus
880 2518 1018 2582 fuerunt
1032 2518 1188 2596 latebrae,
1203 2537 1308 2581 ausus
1331 2526 1384 2582 est
1406 2518 1467 2581 diu

787 2616 926 2698 egredi3
951 2617 1042 2681 sicut
1056 2636 1119 2681 nec
1139 2617 1212 2694 alii,
1234 2637 1299 2681 sua
1315 2637 1374 2681 eos
1388 2638 1467 2681 con-

787 2717 932 2780 scientia
949 2716 1178 2794 remordente3
1193 2716 1281 2780 *inde
1298 2716 1467 2799 suspicio·

790 2818 843 2880 nis
857 2824 1096 2898 argumentum
1109 2817 1362 2893 contrahentes,
1374 2818 1466 2899 quod

787 2916 916 2979 inimici
941 2935 1072 2993 eorum,
1103 2917 1162 2997 qui
1186 2916 1288 2979 villas
1317 2935 1399 2979 suas
1430 2923 1466 2980 et

787 3014 933 3078 aedilicia
946 3034 1024 3078 cum
1036 3014 1168 3078 horreis
1179 3015 1335 3096 frugibus
1353 3015 1466 3097 plenis

787 3121 1102 3190 concremaverant,
1112 3134 1180 3178 non
1198 3121 1378 3196 parcerent
1392 3134 1466 3177 cor-

788 3212 929 3294 poribus
951 3214 1024 3277 suis
1046 3213 1076 3276 si
1100 3214 1245 3277 nocendi
1268 3213 1466 3297 opportuni·

788 3317 895 3375 tatem
911 3312 1114 3376 invenirent.

367 3475 418 3486 -
463 3433 515 3509 34,
530 3440 566 3494 ut
580 3429 710 3494 breuiter
766 3432 884 3500 dabit.

532 3530 658 3594 dicatur

368 3656 442 3731 313,
482 3657 511 3731 3,
528 3673 614 3737 quem
766 3655 922 3720 anelacio
932 3657 1230 3721 tamenalumbali
1241 3658 1466 3741 dependente,

789 3773 984 3836 regemque.

366 3913 417 3926 -
462 3876 515 3949 10,
532 3870 656 3935 moloni
765 3874 930 3956 relegavi.

367 4033 418 4044 -
462 3995 716 4074 11,consiliunn..
766 3999 870 4063 etiam
892 4001 1071 4066 consilium
1094 4012 1191 4069 tuum
1210 4012 1245 4068 et
1262 4005 1467 4088 complicum

527 4117 590 4180 per
602 4116 695 4180 quam
788 4105 926 4163 tuorum
946 4122 1105 4183 guerram
1127 4112 1248 4169 contra
1265 4103 1343 4168 illos
1360 4107 1466 4183 movi,

788 4198 824 4262 in
843 4199 1017 4283 jacturam
1040 4220 1150 4265 meam
1176 4204 1467 4268 irrestaurabilem

789 4306 824 4361 et
853 4299 951 4380 regni
984 4301 1228 4383 opprobrinm3
1269 4323 1332 4386 per
1361 4290 1466 4387 quam

788 4415 959 4477 guerram.

368 4559 418 4570 -
462 4519 514 4592 13,
531 4515 717 4677 zoninum..
767 4520 875 4584 vitam
899 4523 1084 4586 multorum
1106 4523 1291 4589 illustrium
1314 4527 1469 4592 simulet

564 4617 646 4697 cogit
