3384 5625
674 797 874 846 nncrrouns
897 798 1029 846 vinna.
1331 780 1396 845 211

293 922 350 960 Plo.
384 921 438 959 altr.

319 987 347 1062 6,
407 982 437 1061 7,
453 983 588 1068 Gammae
693 983 786 1047 Dum
821 1003 905 1048 vero
936 983 1120 1048 fortunalis
1157 984 1235 1048 alea
1266 989 1396 1048 statum

459 1083 523 1147 dics
533 1104 646 1147 ...uuo
713 1084 811 1165 regni
827 1082 966 1164 Angliae
982 1084 1109 1147 talibus
1126 1083 1320 1147 turbinibus
1337 1103 1396 1147 ex·

459 1182 631 1255 casularia
715 1184 876 1264 agitaret,
886 1182 1044 1247 dominus
1056 1183 1395 1266 papaInnocentius,

459 1281 569 1366 quibus
715 1302 817 1363 quem
832 1283 1030 1347 vacillantis
1054 1282 1208 1347 ecclesiae
1226 1301 1310 1345 cura
1326 1283 1396 1347 sol-

715 1380 883 1459 licitabat,
915 1380 1061 1463 effigiem
1092 1381 1208 1446 vultus
1243 1381 1396 1459 Domini,

716 1500 795 1563 quae
811 1480 985 1545 Veronica
999 1480 1138 1557 dicitur,
1150 1487 1189 1544 ut
1206 1482 1312 1544 moris
1330 1488 1395 1558 est,

716 1580 759 1643 de
775 1579 921 1644 ecclesia
934 1580 1044 1643 sancti
1060 1579 1156 1643 Petri
1176 1599 1295 1644 versus
1319 1579 1395 1644 hos-

715 1680 822 1761 pitale
861 1679 980 1743 Sancti
1016 1679 1165 1761 Spiritus
1200 1687 1397 1742 reverenter

716 1798 792 1841 cum
828 1778 1046 1859 processione
1074 1778 1264 1862 bajulabat,
1317 1777 1397 1856 Qua

715 1883 868 1959 peracta,
880 1876 957 1958 ipsa
973 1876 1115 1958 effigies,
1133 1876 1213 1940 dum
1230 1878 1266 1940 in
1282 1877 1394 1941 locum

716 1995 815 2039 suum
832 1983 1086 2059 apportaretur,
1110 1996 1147 2039 se
1166 1995 1228 2057 per
1242 1964 1279 2039 se
1293 1996 1397 2059 gyra·

716 2077 777 2140 bat
794 2083 833 2139 ut
855 2095 955 2140 verso
977 2083 1086 2139 staret
1103 2075 1234 2151 ordine,
1256 2076 1307 2139 ita
1332 2076 1398 2139 sci-

716 2174 809 2250 licet,
831 2184 871 2238 ut
886 2175 981 2239 frons
1000 2175 1156 2252 inferius,
1170 2175 1278 2238 barba
1292 2195 1395 2257 supe·

715 2274 788 2336 rius
805 2273 988 2337 locaretur.
1040 2273 1143 2352 Quod
1160 2275 1262 2338 nimis
1275 2275 1397 2340 abhor-

717 2392 797 2436 rens
812 2373 970 2438 dominns
986 2394 1088 2456 papa,
1106 2373 1249 2438 credidit
1261 2374 1344 2438 illud
1361 2376 1397 2438 in

717 2473 815 2536 triste
840 2474 906 2537 sibi
934 2475 1142 2555 praesagium
1171 2473 1339 2551 evenisse,
1360 2482 1396 2538 et

716 2579 755 2634 ut
772 2572 906 2654 plenius
921 2572 996 2635 Deo
1014 2573 1304 2650 reconciliaretur,
1317 2593 1397 2637 con-

717 2670 796 2733 silio
829 2671 987 2747 fratrum,
1015 2673 1052 2733 in
1091 2671 1253 2736 bonorem
1285 2672 1394 2754 ipsius

717 2767 854 2852 effigiei,
869 2789 946 2852 qurc
960 2769 1280 2849 Veronicadicitur,
1290 2791 1397 2853 quan-

717 2868 796 2933 dam
820 2872 1010 2936 orationem
1040 2871 1235 2954 composuit
1260 2872 1397 2953 elegan-

716 2977 796 3045 tem,
815 2971 871 3034 cui
884 2971 1011 3055 adjecit
1025 2963 1196 3054 quendam
1213 2973 1397 3055 psalmum,

716 3059 1010 3152 cumquibusd'am
1024 3072 1214 3148 versiculis,
1230 3079 1265 3135 ct
1276 3073 1394 3136 eadem

715 3168 907 3233 dicentibus
930 3170 1047 3233 decem
1076 3170 1207 3234 dierum
1227 3172 1396 3235 concessit

715 3268 979 3349 indulgentiam,
1007 3269 1058 3332 ita
1082 3269 1225 3345 seilicet,
1249 3276 1289 3333 ut
1311 3288 1396 3350 quo·

715 3367 919 3449 tiescunque
941 3373 1128 3448 repetatur,
1149 3368 1252 3431 toties
1270 3367 1396 3431 dicenti

715 3465 918 3529 tantundem
952 3466 1177 3546 indulgentiae
1212 3460 1397 3531 ¹conceda·

716 3572 783 3628 tur.

761 3663 973 3729 Praesentem
990 3670 1105 3728 autem
1122 3663 1301 3728 historiam
1318 3683 1396 3746 pro-

715 3772 900 3848 sequentes
924 3764 1112 3829 referamus
1134 3765 1216 3845 quid
1246 3763 1398 3828 Lodori·

715 3883 835 3930 censes
865 3874 947 3929 tunc
974 3864 1152 3947 temporis,
1185 3871 1302 3946 spreto
1332 3863 1398 3927 Dei

332 4084 524 4151 moereantur]
544 4087 833 4148 C.eddshere‚‘Mnlti
859 4088 906 4136 tui.
933 4088 1059 4136 Dominus
1069 4088 1128 4136 ded.
1164 4087 1400 4138 Deusmisereatur

297 4157 376 4219 igitur
393 4157 499 4206 eandem
518 4159 654 4206 orationem
676 4171 734 4205 cnm
756 4158 834 4217 perti-
859 4156 948 4217 nostri,
957 4160 1090 4205 etcaetera.
1126 4156 1224 4206 Gloria.
1254 4156 1399 4217 Kyrieele-

296 4227 388 4276 nentiis
399 4227 527 4275 memoriae
539 4227 752 4286 commendarunt,
764 4229 798 4286 et,
807 4229 836 4272 ut
860 4239 929 4274 eson.
956 4225 1035 4286 Kyrie
1050 4225 1159 4274 eleeson.
1188 4225 1268 4286 Kyrie
1287 4226 1396 4277 eleeson.

298 4311 341 4344 eos
358 4297 438 4358 major
448 4295 598 4345 accenderet
608 4297 717 4356 devotio,
727 4295 835 4356 picturis
861 4295 940 4344 Pater
950 4299 1043 4345 noster.
1080 4295 1115 4342 Et
1128 4308 1193 4344 mea.
1227 4294 1279 4343 Fac
1298 4309 1397 4344 mecum

298 4365 450 4426 effiginrunt,
469 4365 517 4413 boc
536 4365 619 4414 modo.
656 4364 709 4426 [lbi
724 4365 835 4425 spatium
861 4365 962 4425 signnm
981 4365 1008 4412 in
1026 4365 1130 4427 bonum,
1148 4369 1178 4412 ut
1194 4364 1303 4414 rideam.
1339 4365 1397 4415 Tibi

297 4435 486 4495 inpergnmena
496 4434 647 4495 relinquitur
662 4448 708 4495 pro
725 4434 835 4494 pictura,
861 4434 936 4484 dixit.
973 4433 1023 4484 Cor
1045 4436 1177 4484 mundum.
1199 4433 1234 4485 sa.
1255 4448 1290 4484 m.
1309 4433 1360 4484 fac.
1377 4441 1397 4487 t.

297 4508 355 4563 post
371 4504 439 4564 quod
457 4505 568 4564 spatium
587 4504 679 4552 iterum
698 4497 835 4570 sequitur]
862 4503 997 4552 Dominus.
1013 4504 1091 4566 Resp.
1108 4504 1400 4556 QuaeriteDominumet

299 4572 433 4634 Signatum
450 4577 489 4622 est
505 4587 638 4633 supernos
654 4573 739 4622 lumen
751 4573 837 4622 vultus
862 4573 1049 4623 confirmamini.
1077 4574 1130 4625 Qui
1137 4574 1232 4624 fa.e.s.
1240 4577 1261 4622 t.
1290 4573 1398 4634 Orapro

1248 4663 1295 4707 1³2
