3384 5625
667 856 867 903 cuculorurs
890 855 1020 903 vsnrn.
1330 841 1396 905 259

245 1023 250 1028 ’
342 1035 512 1117 imaginis,
532 1036 666 1099 scilicet
685 1056 789 1117 snper
807 1037 986 1101 sinistrum
1010 1036 1201 1112 humerum,
1224 1037 1391 1118 scriptum

342 1143 408 1209 est,
430 1135 534 1198 ‘Rex
565 1134 717 1198 sicilia?
768 1135 825 1197 Ex
851 1135 922 1199 alia
946 1144 1063 1199 autem
1085 1142 1184 1217 parte
1209 1136 1314 1198 bullae
1340 1135 1393 1197 in-

342 1234 512 1315 sculpitur
532 1234 690 1316 quaedam
709 1233 846 1310 civitas,
869 1233 1002 1298 scilicet
1026 1234 1152 1310 Roma,
1174 1242 1210 1298 et
1232 1234 1395 1297 scribitur

342 1332 378 1394 in
406 1333 564 1408 circuitu,
588 1332 738 1407 ‘Roma
761 1340 868 1414 caput
893 1333 1022 1408 mundi,
1046 1341 1141 1398 tenet
1166 1334 1260 1397 orbis
1283 1332 1394 1396 fraena

342 1431 504 1494 rotundi!
548 1432 635 1495 Erat
651 1438 767 1494 antem
784 1432 881 1495 bulla
899 1432 1151 1513 aliquantulum
1170 1432 1282 1515 major
1299 1432 1394 1494 bulla

343 1530 468 1611 papae.'

305 1651 362 1688 PAG.
386 1652 440 1689 ult.

295 1714 369 1788 194,
388 1716 442 1791 32,
459 1713 591 1778 laMaclt
691 1714 859 1779 Metham.

296 1832 369 1912 197,
386 1838 440 1911 22,
457 1838 606 1902 decretus
690 1838 872 1913 discretus,
902 1846 938 1901 et
964 1839 1000 1901 in
1025 1839 1143 1902 divina
1170 1840 1299 1921 pagina
1325 1839 1393 1902 ele-

712 1945 835 2017 ganter
852 1936 1019 2014 erudituS,
1035 1937 1207 2019 Anglicus
1225 1940 1375 2003 natione.

292 2094 343 2103 —
386 2061 441 2137 23,
450 2059 607 2145 pradica-
691 2059 785 2123 addit
820 2060 948 2137 Paris,
986 2062 1022 2123 in
1062 2081 1131 2144 quo
1170 2062 1395 2143 singulariter
1465 2103 1468 2107 -

456 2160 549 2222 tionis
715 2158 841 2235 floruit,
858 2161 1053 2242 expeditus,

292 2322 343 2334 -
386 2284 438 2358 24,
456 2282 552 2345 multo
569 2283 642 2365 jum
693 2285 796 2348 etiam
812 2304 875 2367 per
889 2285 1029 2367 aliquod
1047 2293 1193 2369 tempus.

456 2390 587 2465 temporo

291 2544 342 2555 -
385 2505 437 2580 26,
454 2506 600 2568 octavu
692 2504 891 2580 excitando,
925 2505 968 2568 ad
998 2507 1198 2588 obsequium
1228 2504 1394 2569 Crucifixi

714 2604 843 2666 arctius
857 2604 1036 2668 animavit.

292 2765 341 2777 —
386 2729 437 2802 30,
450 2728 642 2792 miscula-
693 2727 869 2790 beneficiis
885 2727 1022 2791 divinis.

457 2827 539 2892 tilae

291 2989 342 2998 —
385 2950 437 3025 32,
452 2959 481 3012 ot
691 2951 779 3016 deest.

292 3112 342 3122 -
386 3074 438 3149 34,
456 3083 635 3157 reparantes
691 3093 863 3155 reparare.

293 3197 367 3272 198,
406 3199 439 3272 2,
451 3199 587 3263 soractis.
604 3248 640 3264 ..
691 3205 892 3262 sanctorum
916 3198 1041 3279 pedum
1068 3216 1208 3261 snorum
1238 3198 1393 3280 vestigiis

457 3300 644 3362 marcuit
713 3297 942 3372 consecravit,
980 3304 1017 3359 et
1056 3303 1279 3360 sacrosancto
1313 3316 1394 3359 san·

714 3395 818 3477 guine
835 3394 1019 3459 dedicavit.

291 3555 342 3563 —
409 3522 440 3597 3,
456 3523 644 3586 conmarcuit
691 3518 785 3583 addit
807 3518 933 3595 Paris,
959 3518 1113 3599 Eratque
1138 3523 1238 3581 tanta
1257 3517 1294 3578 in
1321 3535 1394 3580 om-

712 3638 774 3682 nes
797 3617 1014 3682 Christianos
1037 3616 1220 3691 exultatio,
1242 3623 1282 3679 ut
1300 3615 1391 3680 vide

711 3724 833 3782 rentur
850 3717 996 3781 terrenis
1011 3716 1164 3780 caelestia
1181 3715 1325 3778 misceri.

291 3881 342 3891 —
407 3841 438 3917 6,
457 3842 546 3907 Venit
690 3838 760 3902 His
775 3846 891 3903 autem
906 3839 957 3902 sic
974 3838 1052 3901 Deo
1065 3836 1287 3919 dispensante
1303 3835 1390 3899 ordi-

711 3939 816 4022 natis,
831 3936 1008 4000 invidente
1025 3937 1169 4017 antiquo
1184 3935 1392 3998 seminatore

711 4034 936 4098 schismatum
952 4041 988 4096 et
1004 4032 1250 4096 discordiarum
1269 4030 1391 4095 Satha-

712 4153 769 4209 na,
796 4133 919 4196 incolae
948 4139 1061 4207 terrae,
1087 4131 1259 4211 praecipue
1290 4130 1392 4193 Tem-

712 4232 814 4314 plarii
847 4237 883 4294 et
915 4227 1155 4311 Hospitalarii‚
1197 4226 1390 4292 invidentes

711 4331 813 4395 factis
828 4329 1055 4411 imperatoris,
1078 4333 1298 4409 sumpserunt
1314 4346 1391 4391 cor-

639 4417 641 4421 ’
711 4448 837 4493 nuaex
855 4427 934 4492 odio
949 4428 1086 4510 papali;
1105 4426 1289 4490 audierunt
1300 4425 1390 4489 enim

712 4528 803 4611 quod
822 4528 896 4611 jam
916 4545 1008 4609 papa
1024 4518 1203 4608 imperium
1220 4524 1392 4589 hostiliter

710 4629 898 4692 invaserat.
951 4625 1120 4691 Volentes
1146 4624 1253 4704 igitur
1277 4623 1393 4686 omnia

1217 4732 1228 4765 s
1246 4720 1261 4764 2
