3384 5625
672 796 870 845 nnc'rronns
893 796 1025 843 vania.
1332 778 1399 841 257

297 975 388 1038 cium
411 976 519 1040 totius
541 976 749 1041 redundaret
772 977 1028 1054 universitatis;
1054 977 1113 1040 sed
1136 996 1275 1059 poenam
1297 977 1395 1041 daret

295 1072 332 1135 in
361 1075 502 1151 ultione,
535 1077 595 1157 qui
624 1075 762 1157 culpam
794 1078 1009 1159 perpetravit
1039 1076 1076 1138 in
1109 1077 1394 1157 transgressione.

296 1171 363 1236 Sed
377 1193 455 1237 cum
479 1174 616 1238 tandem
638 1175 835 1238 omnimoda
855 1177 905 1238 eis
924 1176 1151 1259 justitiatam
1174 1194 1196 1238 a
1219 1176 1338 1256 regina
1360 1185 1396 1239 et

295 1271 411 1351 legato
428 1291 532 1354 quam
551 1275 596 1337 ab
614 1274 776 1355 episcopo
793 1275 945 1338 civitatis
962 1274 1134 1354 denegata
1150 1273 1285 1350 fuisset,
1301 1274 1395 1338 facta

296 1378 349 1433 est
371 1372 577 1435 universalis
598 1372 762 1436 discessio
785 1373 1027 1454 magistrorum
1052 1381 1086 1436 et
1108 1372 1302 1437 scholarum
1326 1374 1395 1436 dis-

296 1470 423 1551 persio,
445 1477 583 1535 cessant
606 1471 785 1534 doctorum
807 1472 965 1535 doctrina
991 1482 1025 1536 et
1051 1472 1296 1554 discipulorum
1325 1472 1395 1535 dis·

295 1568 435 1649 ciplina,
460 1570 510 1633 ita
536 1570 628 1652 quod
656 1590 718 1633 nec
742 1590 830 1633 unus
853 1570 1006 1633 famosus
1022 1590 1066 1634 ex
1085 1573 1243 1634 omnibus
1258 1572 1292 1634 in
1311 1572 1395 1635 civi·
1478 1584 1482 1590 ’

295 1673 369 1731 tate
400 1669 622 1747 remanserit;
653 1676 689 1732 et
713 1671 878 1732 remansit
897 1671 1020 1733 orbata
1047 1689 1110 1732 suo
1139 1670 1231 1734 clero
1260 1672 1392 1746 civitas

295 1785 374 1848 quae
406 1766 496 1830 solet
527 1769 562 1829 in
594 1768 654 1831 illo
686 1768 838 1849 gloriari.
891 1768 1002 1831 Tunc·
1025 1776 1238 1832 recesserunt
1272 1769 1395 1833 famosi

296 1862 448 1945 Anglici,
471 1866 637 1947 magister
650 1864 785 1930 Alanus
802 1868 844 1931 de
862 1867 1006 1931 Becoles
1024 1867 1213 1949 [Beccles],
1231 1869 1396 1949 magister

298 1963 466 2028 Nicolaus
498 1966 540 2028 de
573 1965 742 2029 Frenham
777 1958 996 2047 [Fernham],
1027 1968 1192 2047 magister
1217 1966 1239 2029 J
1243 1968 1395 2031 ohannes

261 2119 264 2124 .
297 2063 467 2140 Blundus,
491 2064 657 2147 magister
683 2065 890 2147 Radulphus
914 2065 956 2128 de
981 2066 1214 2141 Maidenston,
1232 2067 1396 2147 magister

297 2161 494 2226 Willelmus
522 2162 565 2226 de
593 2163 777 2241 Dunelmo,
810 2171 845 2227 et
873 2164 985 2239 multi,
1017 2183 1104 2246 qnos
1134 2164 1275 2245 longum
1305 2172 1397 2228 esset

296 2280 476 2325 numerare
489 2255 509 2341 ;1
535 2281 680 2343 quorum
694 2270 809 2325 tamen
826 2263 979 2325 maxima
993 2282 1074 2344 pars
1092 2263 1267 2327 civitatem
1282 2262 1397 2327 Ande·

297 2360 499 2441 gavensium
521 2362 821 2444 metropolitanam
844 2362 887 2424 ad
916 2362 1107 2425 doctrinam
1135 2363 1239 2443 elegit
1260 2362 1398 2426 univer-

296 2460 414 2523 salem.
467 2459 523 2523 Sic
552 2480 635 2542 ergo
663 2480 685 2523 a
714 2460 846 2524 nutrice
870 2460 1096 2543 philosophiae
1121 2469 1156 2525 et
1178 2461 1317 2524 alumna
1343 2480 1398 2525 sa-

296 2558 435 2639 pientiae
467 2559 607 2623 civitate
639 2558 818 2623 Parisiaca
851 2560 1049 2625 recedentes
1088 2560 1215 2634 clerici,
1243 2561 1396 2641 legatum

297 2656 494 2722 Romanum
522 2665 736 2733 execrantes,
760 2660 889 2739 reginae
919 2658 1117 2721 muliebrem
1144 2658 1397 2722 maledixerunt

295 2757 505 2839 superbiam,
522 2757 590 2822 imo
606 2776 724 2822 eorum
747 2757 908 2821 infamem
934 2756 1164 2820 concordiam.
1217 2758 1396 2822 Receden·

296 2856 381 2918 tium
408 2863 523 2921 autem
548 2857 689 2939 quidam
713 2857 845 2932 famuli,
867 2856 923 2922 vel
950 2856 1132 2937 mancipia,
1154 2856 1210 2921 vel
1234 2856 1285 2920 illi
1308 2877 1395 2940 quos

296 2954 446 3018 solemus
474 2955 719 3021 Goliardenses
748 2957 937 3038 appellare,
962 2974 1083 3020 versus
1112 2955 1274 3020 ridiculos
1302 2976 1396 3020 com-

296 3055 483 3134 ponebant,
497 3055 662 3134 dicentes,
840 3056 843 3062 ’

475 3203 484 3228 ‘
500 3197 586 3255 Heu!
609 3199 745 3255 morimur
760 3200 850 3268 strati,
865 3201 961 3268 vincti,
976 3200 1070 3268 mersi,
1086 3199 1216 3276 spoliati;

498 3293 632 3352 Mentula
645 3293 732 3370 legati
745 3313 798 3352 nos
812 3296 881 3373 facit
891 3297 946 3353 ista
959 3295 1035 3372 pati.³

296 3425 446 3505 Quidam
471 3435 587 3493 autem
611 3429 788 3494 honestior
808 3431 1021 3494 versificator
1050 3450 1111 3512 per
1137 3428 1396 3511 apostrophum,

295 3525 330 3588 id
356 3533 409 3589 est
436 3527 714 3593 informationem
749 3548 918 3612 personae,
951 3537 989 3593 ut
1018 3530 1048 3592 si
1082 3528 1280 3610 loqueretur
1313 3529 1396 3591 urbs

297 3623 475 3690 Parisiaca
490 3627 582 3703 clero
597 3630 662 3693 sub
678 3629 833 3711 planctu,
852 3629 913 3704 ait,

474 3784 483 3812 ‘
498 3777 592 3847 Clere,
606 3780 738 3836 tremisco
751 3786 838 3847 metu,
853 3779 920 3855 quia
933 3779 977 3835 vis
991 3786 1170 3836 contemnere
1185 3796 1231 3834 me
1245 3785 1295 3844 tu;

498 3872 659 3931 Perfundor
672 3874 758 3943 fletu3
778 3894 842 3932 mea
857 3875 961 3932 damna
975 3873 1038 3943 fleo,
1053 3883 1102 3932 tua
1115 3874 1152 3932 fle
1166 3873 1214 3932 tul

295 4016 464 4092 Tandem,
496 4017 760 4099 procurantibus
791 4018 948 4081 discretis
981 4018 1148 4097 personis,
1181 4017 1395 4081 elaboratum

295 4121 358 4192 est,
382 4123 433 4192 ut,
452 4115 553 4179 factis
571 4115 777 4198 quibusdam
796 4134 860 4197 pro
887 4123 1039 4198 tempore
1059 4114 1279 4195 exigentibus
1300 4123 1395 4179 utro·

294 4215 399 4296 bique
431 4214 554 4296 culpis,
587 4233 659 4297 pax
690 4222 744 4278 est
776 4214 868 4278 clero
898 4222 934 4278 et
967 4213 1099 4277 civibus
1131 4213 1327 4291 reformata,
1360 4222 1396 4279 et

295 4311 502 4376 scholarium
518 4313 728 4378 universitas
743 4320 918 4377 revocata.

329 4492 503 4561 ¹Namamre.]
517 4499 547 4548 c.
559 4498 624 4547 adds
633 4513 664 4547 on
672 4498 715 4546 the
723 4498 830 4560 margin,
866 4497 977 4559 universi
999 4499 1158 4548 contulerunt
1179 4514 1206 4549 se
1225 4500 1259 4548 ad
1281 4501 1396 4550 civitates

292 4565 466 4616 ‘Recedentes
482 4568 568 4628 itaque
584 4567 734 4630 generaliter
745 4568 831 4618 clerici
866 4569 974 4630 majores
984 4568 1115 4630 regionum
1127 4566 1299 4619 diversarum)

1229 4659 1247 4706 S
