3384 5625
291 787 357 851 198
671 806 872 854 nncrrouns
898 806 1034 855 vnum.

345 986 562 1067 tyrannidem
591 987 753 1063 Falcasii,
789 987 912 1068 fasque
947 985 1113 1068 nefasque
1141 984 1398 1063 confundentis,

345 1083 440 1149 dedit
464 1086 574 1150 eidem
599 1094 751 1151 castrum
777 1085 949 1150 Bedeford
979 1092 1014 1149 et
1040 1084 1189 1150 nobilem
1217 1084 1397 1150 mulierem

347 1184 584 1266 Margaretam
613 1186 656 1249 de
684 1186 839 1268 Ripariis
873 1186 910 1248 in
936 1204 1094 1261 uxorem,
1126 1203 1203 1247 cum
1236 1184 1398 1248 omnibus

344 1286 618 1365 possessionibus
648 1304 724 1348 eam
749 1284 1042 1366 contingentibus,
1072 1290 1108 1347 et
1133 1291 1244 1370 terras
1269 1284 1397 1347 multo-

346 1402 423 1445 rum
446 1385 612 1447 baronum
638 1382 790 1466 Angliae,
813 1392 852 1447 nt
872 1383 1024 1446 omnium
1050 1382 1137 1445 iram
1159 1383 1196 1445 in
1217 1401 1255 1445 se
1272 1400 1398 1463 aggra-

346 1482 460 1546 vando
488 1491 703 1564 provocaret.
756 1483 887 1546 Eodem
915 1500 1007 1545 anno
1029 1480 1221 1545 consecrati
1254 1482 1397 1544 suntin

348 1582 529 1663 episcopos
554 1581 750 1646 willelmus
782 1581 824 1645 de
856 1580 1043 1646 Cornebull
1071 1581 1126 1644 die
1156 1579 1399 1643 Conversionis

348 1681 460 1744 sancti
474 1680 577 1744 Pauli
592 1682 629 1744 in
643 1680 874 1756 Comensem,
891 1681 1056 1761 magister
1075 1679 1296 1752 Benedictus,
1313 1698 1399 1759 prae-

349 1786 468 1844 centor
507 1781 619 1844 sancti
659 1778 762 1844 Pauli
798 1778 1038 1854 Londinensis,
1074 1785 1200 1842 octavo
1237 1777 1400 1841 calendas

351 1878 471 1942 Martii
503 1880 539 1941 in
571 1879 781 1951 Roffensem,
813 1880 979 1959 magister
1012 1876 1221 1953 Richardns,
1251 1876 1401 1940 decanus

350 1976 635 2052 Saresbnriensis‚
652 1979 687 2041 in
704 1977 965 2041 cicestrensem.

308 2124 364 2161 Ple.
388 2125 441 2163 ult.

300 2205 373 2279 350,
395 2206 448 2281 11,
463 2191 548 2267 illud
565 2251 572 2264 .
591 2250 597 2263 .
617 2250 623 2263 .
642 2252 648 2264 .
697 2204 761 2266 sibi
780 2202 875 2265 reddi
891 2210 937 2266 et.

465 2303 558 2365 etium

301 2427 376 2499 351,
397 2427 448 2502 ll,
462 2446 603 2487 ccccmu
697 2424 934 2506 supponendo.

465 2523 559 2587 londo

299 2691 351 2703 -
396 2651 447 2726 13,
463 2646 637 2713 morundo
699 2650 881 2727 vastando,
899 2669 1047 2732 quaeque
1070 2650 1135 2713 sibi
1150 2650 1264 2727 obvia,
1279 2635 1402 2714 Domi·

469 2748 639 2815 ...sacru
722 2771 801 2815 num
827 2757 863 2815 et
888 2748 1155 2814 misericordiam
1177 2748 1219 2813 de
1240 2749 1402 2831 pauperi·

467 2847 597 2912 cestibus
721 2852 786 2913 bus
803 2849 1053 2932 postponendo,
1064 2849 1235 2913 contrivit.
1269 2847 1403 2931 Coope-

463 2947 635 3020 omiccntcs‚
721 2955 865 3011 ruerunt
876 2949 965 3011 enim
978 2949 1068 3012 sicut
1080 2948 1224 3013 locustae
1235 2947 1402 3010 satellites

452 3043 652 3128 cupiebantur
722 3046 898 3123 Satbanae,
928 3047 1075 3110 ministri
1106 3045 1246 3121 diaboli,
1273 3045 1333 3127 qui
1359 3046 1403 3109 ad

721 3145 786 3209 hoc
826 3152 926 3209 erant
961 3145 1065 3209 etiam
1103 3165 1125 3209 a
1162 3145 1401 3208 remotioribus

721 3245 877 3327 partibus
901 3244 1116 3326 congregati,
1141 3243 1263 3306 faciem
1288 3250 1401 3307 terrae.

722 3343 921 3408 Sufficiebat
942 3344 984 3407 ad
1013 3361 1154 3406 causam
1180 3341 1300 3406 mortis
1321 3342 1403 3404 sim-

723 3444 870 3525 plicibus
901 3443 1021 3507 incolis
1053 3442 1083 3503 si
1113 3439 1242 3522 aliquid
1275 3438 1402 3504 habere

723 3541 964 3622 credebantur;
993 3539 1099 3621 etqui
1114 3538 1199 3602 nihil
1218 3538 1401 3613 habebant,

724 3640 824 3704 fateri
856 3641 981 3704 habere
1012 3639 1245 3719 cogebantur;
1280 3643 1316 3700 et
1343 3637 1403 3718 qui

723 3757 792 3801 non
818 3738 979 3814 habebat,
1004 3737 1141 3813 babere,
1168 3742 1208 3799 ut
1229 3735 1404 3817 persolve-

724 3842 786 3910 ret,
800 3836 912 3918 poenis
927 3836 1108 3919 exquisitis
1120 3835 1403 3916 distringebatur.

723 3934 975 3999 Discurrebant
995 3935 1109 3999 sicarii
1133 3933 1227 3997 caede
1253 3932 1404 3996 humana

723 4034 906 4111 cruentati,
918 4035 1106 4114 noctivagi,
1115 4031 1329 4108 incendiarii,
1343 4030 1405 4094 filii

727 4133 851 4209 Belial,
874 4134 1004 4198 strictis
1028 4132 1179 4208 ensibus,
1196 4139 1235 4194 ut
1251 4129 1405 4195 delerent

725 4251 745 4295 a
765 4233 852 4296 facie
868 4239 982 4309 terrae,
1006 4233 1049 4294 ab
1071 4232 1208 4295 homine
1230 4249 1340 4311 usque
1363 4228 1407 4292 ad

725 4351 842 4414 pecus,
874 4331 990 4394 omnia
1017 4329 1176 4393 humanis
1201 4330 1321 4392 usibus
1345 4348 1407 4392 ne-

724 4431 895 4509 cessaria3
927 4430 1129 4510 eductisque
1156 4427 1319 4504 cultellis,
1342 4427 1407 4490 vil·

728 4528 791 4607 las,
802 4529 934 4606 domos,
944 4528 1322 4604 coemeteria,ecclesias
1334 4546 1408 4608 per-
