3384 5625
669 807 870 858 LEOTIONES
894 804 1025 852 VARIAE.

292 946 348 1080 dd,
386 943 438 1079 pp,
456 1001 632 1074 destirmoit
693 995 783 1057 mitti
800 992 1012 1075 procuravit,
1031 1008 1117 1071 quos
1133 1006 1221 1051 curn.

456 1100 564 1186 quidem

293 1266 345 1278 -
391 1229 441 1301 19,
457 1247 526 1288 cum
542 1225 577 1288 in
693 1212 808 1275 dimi·

292 1391 344 1402 -
387 1353 439 1426 20,
457 1350 638 1432 guffimmw
694 1334 951 1416 locupletasset.

449 1447 637 1533 prouidisset

295 1613 346 1623 -
390 1573 443 1644 21,
459 1572 555 1634 curtis
695 1579 813 1643 literis.

296 1730 345 1741 -
391 1695 442 1769 22,
458 1693 558 1756 soluto
697 1707 870 1780 exempta.

295 1859 346 1870 -
391 1818 443 1893 26,
451 1815 649 1899 pertiuentiis
697 1821 953 1903 appendicibus.

295 1981 347 1993 -
391 1944 443 2017 32,
455 1939 608 2024 ponendis
697 1943 958 2007 constituendis.

298 2068 350 2141 40,
409 2066 439 2138 4,
456 2063 626 2146 disponeret
697 2068 933 2131 constitueret.

298 2227 349 2240 —
416 2187 445 2261 6,
463 2184 624 2248 resistendo
698 2190 785 2253 deest.

300 2345 350 2355 -
418 2306 647 2383 toda...
698 2313 790 2376 unde
823 2333 885 2394 per
918 2310 1185 2393 appellationem
1218 2309 1262 2372 ab
1295 2306 1408 2398 archi-¹

456 2428 519 2491 Pro
536 2414 630 2469 morte
722 2414 884 2494 episcopo
912 2410 1152 2491 interpositam
1179 2415 1214 2470 et
1231 2426 1293 2489 per
1316 2425 1406 2470 mor-

723 2519 803 2574 tem.

299 2671 351 2684 -
397 2633 447 2704 15,
467 2628 548 2713 quod
579 2629 651 2712 prr}
700 2652 780 2715 quae
793 2633 915 2715 primo.

466 2749 549 2790 mum

301 2893 352 2906 -
397 2855 451 2925 20,
466 2852 616 2936 ereptione
702 2856 826 2918 salute.

300 3016 352 3028 -
396 2979 448 3051 22,
464 2975 629 3038 cellarario
701 2979 840 3044 cellario
858 2976 931 3040 sive
949 2995 1079 3058 promo.

302 3140 353 3153 -
398 3102 450 3175 24,
466 3119 653 3182 expensus...
702 3111 878 3167 tantarum
897 3120 1127 3184 expensarum
1145 3099 1391 3183 profusionem.

458 3198 609 3282 profusos

303 3362 354 3375 -
399 3324 451 3398 25,
469 3330 525 3384 ut.
543 3367 570 3384 ··
587 3341 654 3384 ⁶011·
703 3337 857 3394 mortuos
874 3326 960 3390 illud
977 3344 1187 3389 consumere.

469 3429 592 3483 emanat

304 3584 355 3597 ..
400 3545 452 3620 29,
459 3541 654 3626 festinabutr
705 3551 896 3614 festinaret.

473 3651 500 3704 et

307 3769 359 3841 41,
422 3767 451 3839 1,
467 3767 515 3826 At
530 3763 659 3827 cellarc—
708 3764 878 3828 cellarius
896 3773 1020 3828 autem.
1091 3856 1094 3861 ,

473 3884 541 3925 rcus

308 4026 361 4039 —
427 3988 458 4061 4,
476 3985 660 4067 Incrcpctus
710 3984 936 4066 Reprehenso
959 3985 1070 4065 primo
1093 3984 1135 4046 de
1154 3983 1310 4047 avaritiae
1329 3982 1413 4045 vitio

569 4103 646 4144 com-
732 4091 766 4147 et
796 4083 920 4146 deinde
957 4082 1111 4162 graviter
1143 4080 1290 4161 flagellis
1323 4100 1414 4143 caeso

473 4180 620 4244 micando
732 4181 821 4245 dixit
838 4182 946 4245 abbas
962 4181 1061 4244 vultu
1077 4199 1209 4243 sereno.

308 4345 361 4358 -
405 4307 458 4378 10,
477 4324 661 4386 eorumquae
710 4303 928 4383 transegerit.

476 4403 520 4465 rit
623 4465 640 4486 ⁸

311 4565 362 4580 -
406 4528 461 4596 12,
485 4523 569 4587 Vade
596 4572 602 4586 .
625 4571 659 4587 ..
714 4521 943 4587 Postmodum
961 4521 1074 4602 inquit
1090 4523 1210 4598 abbas,
1228 4527 1237 4554 ‘
1255 4521 1367 4584 Vade.

479 4621 571 4685 obbas
