3384 5625
613 800 814 849 cucurouus
837 799 968 849 varum
1300 786 1345 850 79

238 984 348 1050 tribus
362 984 519 1067 personis
536 990 702 1049 suntuna
719 983 928 1060 substantia,
945 989 981 1046 et
998 980 1100 1047 unius
1115 982 1292 1065 potentiae,
1309 994 1344 1050 et

236 1085 274 1149 iu
291 1103 361 1148 una
378 1084 573 1148 substantia
588 1091 659 1148 tres
674 1102 843 1167 personae.
896 1082 986 1145 Haec
1008 1081 1089 1145 fidei
1114 1091 1242 1147 nostrae
1265 1105 1344 1167 pro-

238 1184 343 1248 fessio
367 1203 436 1248 non
463 1191 598 1247 tantum
621 1204 643 1247 a
665 1183 806 1249 Christo
830 1192 866 1246 et
895 1182 971 1266 ejus
997 1183 1204 1266 sequacibus
1235 1184 1344 1249 traxit

239 1283 431 1360 exordium,
449 1284 509 1347 sed
531 1302 553 1346 a
576 1284 701 1367 Moyse
724 1291 759 1347 et
775 1280 983 1366 patriarchis
1001 1288 1036 1345 et
1052 1281 1229 1364 prophetis
1244 1303 1344 1347 suum

238 1383 360 1447 habuit
374 1383 646 1446 fundamentum.
699 1382 742 1445 In
767 1383 857 1446 libro
885 1382 1019 1464 Moysis
1038 1382 1164 1446 divinae
1184 1385 1343 1447 esseutiae

239 1484 355 1546 unitas
383 1481 591 1560 declaratur,
622 1482 680 1545 ubi
707 1481 843 1558 dicitur,
873 1478 990 1545 ‘Audi
1019 1479 1143 1557 Israel,
1172 1482 1344 1546 Dominus

241 1582 339 1646 Deus
368 1590 449 1646 tuus
477 1601 567 1644 unus
597 1589 651 1646 est
663 1581 684 1659 ς’
715 1588 751 1644 et
778 1583 916 1657 iterum,
943 1581 1044 1661 ‘Ego
1069 1601 1147 1645 sum
1174 1582 1344 1645 Dominus

241 1681 338 1745 Deus
353 1689 447 1757 tuus,
463 1682 520 1762 qui
543 1680 647 1744 eduxi
663 1689 699 1744 te
722 1680 765 1743 de
782 1688 875 1746 terra
891 1680 1050 1762 AEgypti,
1072 1700 1141 1743 non
1163 1688 1264 1745 erunt
1282 1681 1344 1745 tibi

243 1780 304 1845 Dii
328 1780 434 1844 alieni
456 1786 582 1862 praeter
598 1780 677 1843 me!
729 1778 935 1843 Pluritatem
955 1798 1179 1862 personarum
1209 1780 1257 1843 ibi
1280 1800 1344 1862 pa·

242 1887 355 1944 tenter
368 1880 533 1956 insinuat,
548 1880 607 1942 ubi
621 1879 714 1954 dicit,
731 1878 938 1941 ‘Faciamus
965 1878 1136 1942 hominem
1154 1880 1199 1942 ad
1222 1880 1345 1961 imagi-

243 1999 320 2043 nem
343 1985 496 2043 ncstram
511 1990 546 2041 et
561 1974 840 2042 similitudinem.²
894 1976 983 2041 Cum
998 1978 1088 2042 euim
1106 1977 1261 2042 Verbum
1278 1979 1346 2043 Dei

242 2079 289 2142 sit
307 2078 418 2142 Filius
441 2077 520 2154 Dei,
542 2078 632 2141 sicut
648 2076 672 2140 J
674 2077 827 2141 ohannes
852 2084 1002 2141 testatur
1018 2077 1147 2154 dicens,
1161 2082 1172 2111 ‘
1187 2077 1230 2141 In
1252 2080 1345 2160 prin·

242 2177 332 2261 cipio
347 2184 423 2241 erat
437 2176 605 2254 Verbum,
620 2185 656 2240 et
672 2177 827 2241 Verbum
852 2184 928 2241 erat
943 2178 1035 2260 apud
1053 2178 1179 2253 Deum,
1194 2185 1229 2241 et
1245 2178 1342 2242 Deus

243 2283 317 2339 erat
332 2275 499 2341 Verbum.
552 2275 679 2339 Omnia
694 2277 884 2358 peripsum
902 2277 1103 2353 factasunt,
1120 2283 1155 2340 et
1169 2277 1243 2340 sine
1266 2278 1343 2359 ipsc

241 2376 447 2439 factumest
473 2374 582 2438 nihil!
631 2374 741 2439 Vides
768 2376 861 2457 quod
892 2376 935 2439 ad
962 2377 1093 2440 Filium
1115 2382 1150 2440 et
1178 2376 1343 2459 Spiritum

242 2474 408 2539 Sanctum
425 2493 537 2538 sermo
553 2473 670 2537 Patris
687 2473 861 2556 dirigitur,
883 2495 961 2539 cum
979 2475 1055 2540 haec
1074 2477 1142 2539 duo
1165 2475 1346 2558 pluraliter

242 2574 348 2652 dicat,
365 2568 594 2650 ‘Faciamus,'
615 2580 652 2637 et
666 2579 676 2607 ‘
690 2575 869 2638 nostram)
922 2575 992 2638 Per
1014 2575 1169 2638 Verbum
1196 2576 1285 2637 enim
1310 2585 1345 2639 et

243 2672 409 2756 Spiritum
427 2672 591 2737 Sanctum
615 2672 787 2737 Dominus
805 2672 903 2736 Deus
919 2674 1082 2737 universa
1098 2681 1261 2755 operatus
1278 2681 1345 2749 est,

241 2773 332 2838 sicut
355 2772 470 2837 David
491 2772 661 2856 propbeta
684 2778 941 2850 commemorat,
957 2770 1096 2838 ‘Verbo
1111 2771 1253 2836 Domini
1268 2773 1345 2836 caeli

243 2872 369 2936 firmati
381 2879 463 2936 sunt
483 2879 519 2937 ct
533 2873 657 2954 spiritu
673 2873 742 2936 oris
764 2870 862 2957 ejus:
883 2880 920 2936 et
936 2879 1073 2936 caetera.
1125 2871 1221 2935 Idem
1240 2872 1342 2936 etiam

241 2972 411 3054 propheta
434 2970 661 3035 ministerium
686 2972 869 3036 Trinitatis
895 2973 1071 3054 eleganter
1093 2972 1258 3048 insinuat,
1285 2972 1343 3035 ubi

243 3078 295 3134 ter
315 3070 382 3135 hoc
402 3090 509 3134 unum
533 3070 669 3135 ‘Deus'
693 3072 729 3134 in
751 3072 870 3135 eodem
891 3073 1062 3136 versiculo
1089 3072 1215 3154 repetit
1238 3078 1274 3135 et
1293 3072 1343 3134 in·

241 3170 356 3234 culcat
372 3166 501 3246 dicens,
518 3170 732 3234 ‘Benedicat
753 3190 816 3236 nos
840 3172 949 3248 Deus,
972 3172 1070 3235 Deus
1094 3178 1222 3248 noster,
1241 3171 1344 3235 bene-

242 3269 335 3334 dicat
364 3288 428 3333 ncs
458 3269 567 3346 Deus,
595 3276 631 3333 et
659 3277 816 3334 metuant
843 3290 922 3332 eum
955 3290 1073 3334 omnes
1103 3267 1195 3348 lines,
1211 3267 1342 3333 terrae?

242 3367 519 3432 Praenomiuatus
538 3367 718 3432 Johaunes
738 3367 775 3429 iu
798 3369 947 3450 epistola
968 3387 1035 3432 sua
1058 3370 1225 3432 canonica
1249 3369 1344 3446 dicit,
1385 3436 1394 3446 ,

243 3468 355 3532 ‘Tres
381 3475 464 3531 sunt
487 3467 547 3549 qui
575 3467 806 3531 testimonium
844 3467 929 3530 dant
960 3468 996 3530 in
1028 3467 1125 3544 caelo,
1161 3466 1280 3543 Pater,
1308 3476 1343 3531 et

246 3566 367 3645 Filius,
381 3573 417 3630 et
426 3566 576 3649 Spiritus
587 3566 749 3645 Sanctus,
766 3565 859 3630 ethii
876 3574 946 3630 tres
960 3563 1070 3630 unu‘m¹
1081 3561 1184 3630 sunt?
1219 3565 1343 3630 Esaias

244 3672 358 3730 autem
391 3665 571 3748 propheta,
604 3685 705 3746 quem
743 3667 881 3749 recipiS,
915 3685 952 3730 se
986 3666 1160 3730 audivisse
1192 3671 1343 3728 testatur

243 3763 411 3847 Seraphin
430 3764 628 3841 clamantia,
646 3765 826 3844 ‘Sanctus,
845 3774 999 3842 sanctus,
1016 3772 1157 3831 sanctus
1173 3765 1345 3829 Dominus

244 3862 341 3927 Deus
367 3864 561 3927 sabbaoth.’
613 3863 730 3941 Quare
752 3867 856 3930 tertio
878 3866 1028 3948 replicat¹
1044 3865 1243 3929 ‘sanctus’l
1278 3864 1344 3927 nisi

243 3963 342 4026 utin
367 3962 517 4025 Domino
536 3962 614 4025 Deo
638 3965 852 4027 exercituum
877 3961 1066 4028 trinitatem
1092 3964 1244 4027 insinuet
1267 3981 1345 4044 per·

243 4079 418 4125 sonarum,
469 4061 534 4125 Est
548 4062 666 4144 itaque
682 4062 718 4123 in
738 4081 873 4125 summa
894 4070 929 4125 et
945 4062 1144 4126 beatissima
1160 4061 1345 4136 Trinitate,

244 4159 363 4234 Pater,
379 4161 440 4241 qui
455 4159 582 4223 Filium
596 4160 727 4240 genuit,
745 4160 867 4232 Filius,
882 4161 941 4241 qui
959 4161 1096 4242 genitus
1115 4166 1169 4222 est
1186 4178 1208 4221 a
1226 4158 1342 4233 Patre,

244 4258 392 4340 Spiritus
414 4258 576 4334 Sanctus,
600 4258 660 4340 qui
684 4258 905 4340 progreditur
928 4261 972 4323 ab
996 4266 1154 4341 utroque.
1208 4258 1283 4322 Nec
1308 4258 1344 4320 in

244 4357 303 4420 illa
333 4358 494 4437 genitura
526 4356 582 4422 vel
613 4357 832 4440 processione
865 4357 1028 4421 damnum
1060 4358 1259 4421 defectionis
1289 4357 1345 4421 vel

244 4456 444 4520 minutionis
461 4475 564 4538 passa
578 4468 633 4520 est
649 4457 686 4519 iu
704 4457 811 4520 Patre
827 4456 883 4519 vel
901 4456 989 4521 Filio
1003 4458 1121 4521 divina
1137 4457 1343 4527 substantia.

243 4553 341 4619 Sicut
366 4555 457 4618 enim
482 4554 598 4619 lumen
628 4555 801 4620 alumine
828 4556 977 4619 sumitur
1006 4558 1080 4621 sine
1107 4556 1343 4629 imminutione
1438 4641 1441 4645 Ι
