3384 5625
347 730 412 794 108
720 747 921 795 nncmouns
945 746 1078 796 vnmm.

399 926 516 992 Luciae
529 928 685 1010 virginis,
696 935 731 993 et
744 929 780 992 in
794 930 915 1011 vigilia
932 935 1062 993 sanctae
1080 924 1198 991 Luciae
1213 925 1456 991 transfretavit

398 1028 434 1090 in
462 1028 671 1092 Flandriam.
725 1029 772 1092 Et
793 1030 829 1091 in
860 1030 948 1092 mari
974 1028 1133 1110 promisit
1153 1033 1272 1091 votum
1298 1024 1457 1107 martyri,

396 1127 552 1191 faciendo
569 1148 671 1191 unam
688 1129 858 1209 capellam
872 1128 1034 1191 fabricari
1049 1128 1084 1189 in
1100 1126 1262 1189 honorem
1285 1124 1394 1207 ipsius
1416 1124 1454 1185 in

397 1226 508 1289 Terra
522 1235 655 1302 sancta,
674 1228 733 1290 ubi
747 1228 779 1290 ei
790 1226 863 1290 dux
880 1234 973 1290 esset
988 1233 1023 1289 et
1036 1232 1132 1289 tutor
1143 1226 1179 1287 in
1192 1231 1286 1289 terra
1303 1231 1338 1288 et
1353 1221 1455 1298 mari,

397 1326 490 1407 quod
508 1326 709 1408 adimplevit
727 1333 851 1408 postea
866 1325 958 1408 apud
976 1324 1109 1401 Achon‚
1125 1331 1230 1407 prout
1245 1324 1389 1387 dicetur.

346 1447 403 1484 PAO.
442 1448 494 1485 titt.

348 1512 401 1583 15,
442 1512 496 1585 12,
513 1511 661 1575 Humbrae
749 1511 840 1575 deest

348 1633 399 1706 16,
438 1635 491 1707 10,
507 1634 634 1699 inclusit
749 1635 841 1698 addit
857 1634 981 1710 Paris,
996 1633 1130 1697 Praeter
1142 1629 1228 1695 illud
1244 1636 1359 1694 autem
1374 1649 1454 1711 gra·

768 1753 905 1811 vamen‚
925 1733 1016 1816 quod
1038 1730 1168 1813 Anglia
1188 1738 1271 1795 tunc
1293 1730 1450 1811 pertulit,

768 1853 831 1897 rex
855 1832 977 1898 avidus
1000 1831 1043 1896 ad
1067 1830 1248 1913 pecuniam
1271 1829 1452 1909 acquiren-

769 1933 849 1995 dam
884 1931 985 2013 fingit
1024 1950 1061 1995 se
1098 1929 1255 1993 amisisse
1297 1926 1452 2008 sigillum

771 2052 884 2108 suum,
921 2038 957 2094 et
986 2050 1114 2094 novum
1151 2028 1234 2092 fecit
1268 2026 1453 2107 fabricari3

770 2132 863 2213 quod
880 2130 1050 2213 publicari
1073 2128 1167 2205 fecit,
1192 2127 1280 2191 etin
1299 2126 1456 2208 quolibet

772 2232 938 2295 comitatu
961 2228 1156 2303 acclamari,
1182 2235 1223 2290 ut
1247 2226 1455 2307 quicumque

773 2349 826 2405 ea,
838 2349 918 2411 quae
935 2328 1031 2411 prius
1044 2328 1080 2391 in
1097 2327 1218 2391 charta
1233 2324 1382 2400 fuerant,
1400 2342 1457 2387 se-

774 2430 890 2492 curius
903 2435 1019 2492 tenere
1036 2426 1259 2501 desideraret,
1271 2424 1314 2488 ad
1325 2443 1458 2487 novum

775 2528 928 2610 sigillum
940 2526 1057 2592 venire
1072 2545 1141 2589 non
1153 2524 1349 2607 pigritaret.
1380 2509 1457 2586 Unss
1517 2525 1522 2534 '

774 2628 817 2691 de
840 2627 996 2710 oportuit
1022 2626 1161 2702 multos,
1187 2624 1247 2706 qui
1277 2623 1390 2705 ipsum
1418 2622 1456 2685 in

775 2727 907 2808 Anglia
937 2745 1007 2789 non
1030 2725 1183 2788 invenire
1214 2727 1387 2806 poterant,
1409 2720 1455 2784 ad

775 2828 889 2909 ipsum
907 2825 1130 2890 transfretare
1144 2829 1179 2888 et
1191 2823 1234 2886 ad
1247 2821 1322 2905 ejus
1333 2822 1457 2885 volun-

775 2933 882 2990 tatem
898 2924 999 2987 finem
1015 2924 1142 3001 facere,
1157 2928 1198 2987 ut
1212 2921 1342 3004 scripta
1356 2922 1457 3003 prius

774 3025 914 3106 signata
927 3043 1018 3088 novo
1033 3023 1149 3105 sigillo
1165 3022 1396 3103 signarentur.

355 3145 407 3223 17,
447 3143 501 3220 27,
522 3149 706 3207 recesserunt
752 3148 844 3212 adut
874 3148 1000 3224 Paris,
1030 3147 1202 3228 Tempore
1229 3164 1367 3227 quoque
1392 3144 1461 3207 sub

775 3248 895 3312 eodem
921 3248 1156 3321 Baldewinus‚
1178 3244 1457 3327 archiepiscopus

777 3347 1050 3423 Cantuariensis,
1073 3345 1260 3409 celebravit
1275 3342 1460 3407 concilium

776 3447 867 3530 apud
882 3445 1240 3518 westmonasterium,
1256 3443 1372 3525 ibique
1395 3460 1458 3506 va-

775 3546 925 3610 ledicens
941 3546 1105 3608 fratribus
1123 3545 1189 3607 iter
1206 3542 1352 3625 arripuit
1368 3541 1457 3604 Hie-

775 3643 1061 3726 rosolymitanum
1085 3641 1267 3724 magnifice
1285 3659 1459 3724 praepara-

776 3750 845 3807 tuo.

353 3908 405 3919 -
450 3867 501 3939 30,
526 3860 685 3975 wilelmi,
755 3864 981 3941 Willelmum,
995 3865 1167 3929 Eliensem
1184 3863 1395 3945 episcopum.

520 3961 658 4025 Elaeam

520 4082 652 4148 “imm

357 4191 408 4265 18,
430 4190 481 4265 14,
497 4186 706 4251 Eodomoono
756 4183 842 4246 This
854 4183 996 4266 chapter
1004 4185 1034 4247 is
1044 4182 1199 4262 wanting
1207 4181 1243 4242 in
1253 4176 1458 4260 theprinted

779 4283 940 4360 editions,
957 4285 1020 4348 but
1034 4300 1156 4346 occurs
1171 4281 1206 4342 in
1225 4278 1265 4343 C.

361 4451 406 4460 -
450 4411 502 4483 30,
518 4407 665 4471 omittatis
760 4407 802 4470 In
821 4407 881 4471 the
899 4406 1041 4471 Cotton.
1063 4404 1141 4468 MS.
1167 4403 1196 4466 it
1220 4403 1250 4464 is
1272 4400 1353 4464 thus
1377 4418 1462 4464 con-

781 4506 912 4582 tinued,
939 4503 1198 4578 ‘Baldewinus‚
1231 4499 1460 4582 archiepisco·
