3384 5625
293 761 359 825 216
660 774 861 822 unctiones
884 774 1018 822 vnnrm.

258 911 263 924 ⁶
297 901 355 937 Plo.
390 901 443 937 llll·

297 964 352 1039 25,
412 959 441 1037 7,
459 970 545 1024 mota
693 961 785 1025 addit
816 960 943 1038 Paris,
977 959 1060 1023 Fuit
1091 959 1304 1024 autemillis
1332 980 1398 1043 pro

716 1080 823 1124 eausa
833 1058 1014 1126 sufficienti
1028 1059 1157 1143 aliquid
1170 1059 1288 1123 haberi
1303 1060 1398 1143 quod
1488 1061 1491 1066 ’

717 1160 846 1223 auferri
863 1161 985 1242 possit,
1005 1159 1096 1223 sieut
1111 1158 1329 1224 consuetudo
1344 1165 1399 1223 est

717 1259 899 1337 Romanis,
934 1260 976 1323 de
1013 1259 1082 1323 levi
1108 1278 1231 1323 causas
1255 1257 1397 1323 adinve-

716 1359 789 1422 nire
820 1360 880 1423 ubi
909 1359 1054 1424 materia
1083 1359 1210 1442 praedae
1239 1358 1400 1443 subjacet

717 1458 999 1541 malignantibus.

296 1626 346 1637 -
392 1585 592 1661 ll,domotis
695 1581 827 1646 domus.

295 1751 347 1762 -
392 1711 442 1787 12,
461 1730 559 1773 emm
694 1705 782 1769 deest.

295 1876 346 1887 -
391 1836 443 1910 23,
465 1833 647 1897 scandulum
695 1829 897 1893 scandalum
915 1837 950 1894 et
966 1830 1163 1895 ludibrium.

295 1995 346 2005 -
391 1961 445 2037 24,
455 1980 579 2044 parvos
696 1971 825 2034 parvas
843 1960 878 2016 et
892 1953 1045 2035 fragiles.

296 2118 347 2127 -
391 2078 442 2158 27,
460 2082 631 2165 influmine
695 2079 812 2143 disum.

295 2243 346 2254 —
391 2208 532 2282 29‚ideo
695 2213 874 2271 matronae.

460 2328 553 2371 iuves

295 2463 346 2473 -
391 2431 445 2505 31,
461 2429 591 2513 impetus
695 2426 812 2491 desunt.

465 2529 646 2593 ministrare

298 2653 350 2730 26,
388 2656 439 2730 15,
456 2654 607 2719 uniuersis
695 2641 892 2712 innumeris.

295 2818 346 2829 -
390 2779 443 2853 24,
458 2778 637 2864 rumendinis
694 2770 783 2836 deest.

295 2943 347 2954 -
390 2905 442 2978 34,
459 2924 550 2986 usque
562 2902 607 2966 od
695 2904 786 2960 esset
803 2917 912 2979 usque
930 2896 973 2960 ad
988 2916 1105 2962 unum.

460 3022 563 3063 uirum

297 3120 348 3199 27,
392 3126 443 3199 25,
459 3124 642 3188 victualium
696 3119 906 3184 utensilium.

294 3283 345 3293 -
390 3249 444 3327 32,
452 3248 646 3312 constitutum
695 3243 787 3307 addit
818 3242 944 3320 Paris,
978 3243 1058 3306 Rex
1094 3250 1208 3307 autem
1241 3244 1400 3309 Franciae

718 3363 796 3407 eum
820 3344 895 3407 haee
916 3344 1070 3406 audisset
1089 3343 1147 3417 ait,
1164 3342 1313 3407 ‘Nonne
1338 3344 1399 3407 ad·

718 3441 785 3507 hue
800 3445 888 3507 vivit
898 3442 1094 3506 Willelmus
1109 3442 1399 3506 Mareschallusl’

719 3543 765 3607 Et
797 3541 927 3606 dictum
956 3548 1009 3605 est
1038 3541 1199 3606 ‘Immo'
1251 3541 1297 3604 Et
1323 3561 1399 3618 rex,

719 3641 825 3705 ‘Non
859 3661 942 3721 ergo
975 3641 1079 3704 timeo
1113 3641 1155 3704 de
1190 3640 1261 3703 filio
1296 3641 1399 3705 me0.’

720 3738 820 3801 Unde
838 3739 1033 3803 Willelmus
1053 3738 1303 3803 Maresehallus
1318 3747 1400 3822 post

717 3837 792 3900 haec
824 3856 958 3920 semper
986 3846 1127 3903 notatus
1154 3838 1219 3902 suit
1244 3839 1286 3902 de
1320 3858 1400 3921 pro-

717 3935 858 4000 ditione.

295 4059 349 4131 28,
388 4059 441 4134 19,
455 4066 483 4120 et
493 4058 612 4142 piratae
694 4058 811 4123 desistit.

455 4158 636 4241 nequissimo

291 4320 342 4331 —
386 4284 438 4357 28,
457 4283 608 4346 reeensitae
696 4291 926 4348 recensentes.

458 4390 529 4444 tunt

291 4544 342 4555 -
387 4506 439 4580 29,
457 4516 645 4590 quopropter
696 4527 854 4589 magnae,
878 4517 911 4573 et
932 4475 1047 4590 plures
1068 4509 1110 4572 de
1135 4508 1337 4586 minoribus,
1363 4514 1400 4572 et

718 4608 826 4688 galeis
843 4607 995 4671 armatis
