3384 5625
271 831 274 837 .
293 777 360 843 254
659 794 860 843 uncrmnus
884 795 1019 843 venius.

295 918 370 1057 sid,
385 918 441 1056 llll,
453 1000 643 1064 prooocooc·
691 982 908 1064 provocavit.

458 1088 511 1143 rot

292 1247 343 1258 -
387 1206 440 1283 23,
456 1206 645 1290 inpensione
691 1205 811 1270 dosunt.

461 1305 644 1369 ...inimicis

459 1406 523 1469 suis
1019 1446 1021 1450 -

242 1596 244 1600 Α
292 1567 343 1578 -
386 1528 578 1611 25,foeioot
689 1523 782 1587 addit
806 1523 932 1597 Paris..
962 1521 1094 1586 Paulus
1123 1522 1306 1604 siquidem,
1333 1542 1396 1605 per

713 1624 945 1705 ignorantiam
967 1622 1027 1705 qui
1050 1622 1218 1704 peccavit,
1244 1623 1395 1702 gratiam

713 1722 923 1805 promeruit3
947 1719 1104 1784 similiter
1126 1728 1161 1784 et
1179 1718 1317 1797 Petrus,
1336 1721 1396 1803 qui

714 1842 776 1905 per
804 1821 1041 1902 fragilitatem,
1068 1819 1103 1883 id
1137 1827 1190 1883 est
1222 1820 1395 1896 timorem,

661 1909 663 1913 ’
714 1920 903 1985 Dominum
925 1919 1077 1999 negavit.
1129 1918 1242 1981 Judas
1264 1927 1395 1996 autem,

714 2021 773 2102 qui
786 2039 847 2101 per
861 2018 1091 2100 iniquitatem,
1105 2016 1138 2079 id
1155 2025 1208 2081 est
1224 2017 1395 2100 cupidita-

714 2127 797 2195 tem,
815 2119 1004 2181 Dominum
1021 2115 1176 2193 tradidit,
1192 2115 1309 2179 effusis
1324 2117 1396 2181 vis·

713 2219 849 2282 ceribus
869 2237 906 2281 se
931 2216 1056 2298 laqueo
1079 2215 1293 2297 suspendens
1320 2216 1395 2279 sine

713 2336 775 2400 spe
801 2317 926 2380 salutis
953 2316 1061 2380 vitam
1084 2314 1253 2378 infelicem
1277 2316 1394 2378 termi-

712 2416 821 2480 navit.
875 2415 918 2478 In
948 2414 1013 2477 hac
1039 2414 1171 2477 ratione
1198 2414 1265 2476 sibi
1295 2432 1394 2495 spem

714 2501 935 2597 Cartaphilus
960 2513 1057 2595 ponit
1079 2511 1315 2593 indulgentiae,
1341 2533 1393 2576 er-

714 2634 894 2697 roremque
907 2632 1019 2687 suum,
1031 2632 1100 2694 quo
1114 2619 1267 2688 tueatur,
1276 2611 1394 2677 habet.

714 2713 946 2778 Percontatus
974 2712 1078 2776 etiam
1104 2718 1315 2775 memoratus
1339 2729 1395 2774 ar·

712 2815 952 2897 ohiepiscopus
968 2812 1011 2875 de
1029 2830 1111 2874 arca
1130 2811 1220 2887 Noe,
1237 2830 1315 2893 quoe
1332 2809 1394 2874 ad·

712 2912 779 2976 huc
806 2913 932 2976 dicitur
957 2912 992 2974 in
1018 2910 1193 2973 montibus
1217 2907 1393 2974 Armeniae

712 3012 938 3093 requiescere,
958 3009 1051 3074 etde
1073 3008 1191 3072 multis
1215 3009 1306 3086 aliis,
1326 3009 1393 3073 hoc

711 3110 801 3173 idem
819 3107 1014 3184 affirmavit,
1029 3109 1262 3172 testimonium
1277 3108 1392 3191 perhi-

711 3211 795 3273 bens
811 3208 972 3286 veritati;
1000 3208 1060 3289 qui
1077 3214 1218 3289 propter
1235 3226 1392 3289 personae

710 3309 951 3383 reverentiam,
988 3313 1023 3370 et
1056 3305 1166 3388 ipsius
1198 3305 1390 3370 honestatis

710 3408 880 3472 bullatum
914 3404 1158 3480 testimonium,
1191 3405 1291 3468 fidem
1326 3407 1392 3469 im-

711 3507 837 3590 pressit
848 3506 1019 3569 mentibus
1032 3503 1228 3567 auditorum
1243 3512 1279 3568 et
1292 3523 1392 3568 suam

711 3605 943 3669 narrationem
964 3603 1109 3667 rationis
1132 3602 1246 3684 sigillo
1268 3604 1393 3666 confir-

710 3705 829 3767 mavit.
883 3702 1001 3784 Hujus
1028 3702 1133 3765 etiam
1162 3691 1390 3767 rei'eventus

708 3801 873 3864 falsitatis
898 3801 1125 3883 nequicquam
1148 3820 1251 3882 posse
1275 3801 1392 3865 redar-

710 3901 780 3981 gui,
808 3905 958 3963 testatur
981 3899 1120 3983 quidam
1145 3899 1269 3962 nobilis
1291 3900 1390 3963 miles

710 4007 746 4063 et
765 3999 801 4062 in
823 3998 927 4061 armis
946 4005 1119 4074 strenuus,
1134 3997 1330 4061 Richardus
1347 3998 1391 4062 de

710 4099 950 4180 Argentomic,
977 4096 1036 4179 qui
1062 4104 1180 4178 partes
1204 4097 1390 4161 orientales

710 4199 775 4262 sub
798 4197 902 4261 titulo
931 4193 1219 4278 peregrinationis
1243 4195 1390 4260 devotus

660 4306 663 4314 “
710 4298 745 4360 in
779 4296 919 4379 propria
949 4294 1135 4377 praesentia
1162 4313 1241 4357 cum
1271 4295 1390 4359 multis

710 4397 788 4458 aliis
810 4393 989 4474 visitavit3
1022 4405 1058 4458 et
1077 4400 1200 4476 postea
1224 4394 1391 4476 sepelitur

709 4495 904 4577 episcopus
