3384 5625
293 789 359 855 286
669 807 871 855 nncrrosns
895 806 1028 854 verim.

345 998 441 1069 erat3
468 998 503 1054 et
528 989 696 1053 malorum
724 990 816 1053 malo
847 990 972 1053 ductus
998 999 1033 1053 et
1064 987 1226 1052 seductus
1254 986 1403 1051 consilio

344 1089 462 1154 fideles
481 1109 574 1167 suos,
604 1108 690 1171 quos
718 1089 860 1170 sanguis
890 1089 1029 1152 nativus
1053 1087 1144 1152 flecti
1167 1107 1234 1151 non
1257 1087 1402 1169 permit·

344 1197 445 1267 teret,
468 1210 531 1272 pro
554 1190 631 1253 aliis
646 1189 822 1253 ventilatis
840 1188 1029 1271 postponit,
1044 1195 1088 1263 et,
1107 1187 1200 1271 quod
1218 1186 1318 1271 pejus
1335 1193 1404 1262 est,

346 1289 539 1371 proditores
556 1295 670 1353 vocat.

306 1439 362 1476 Plo.
388 1439 441 1476 ult.

297 1514 372 1595 276,
390 1514 444 1594 27,
458 1517 582 1581 ecclam
697 1514 920 1595 proscribere.

294 1684 345 1694 —
390 1644 442 1717 33,
450 1640 559 1723 filium
575 1639 639 1723 ey'os
695 1637 802 1700 filium
820 1638 896 1721 ejus
914 1644 976 1701 aut
991 1636 1299 1717 consanguineum.

296 1762 370 1842 277,
408 1768 437 1842 4,
453 1765 629 1828 immotam
694 1761 963 1826 immutaverant
981 1761 1035 1825 vel
1055 1760 1283 1824 immutarent.

462 1873 537 1927 rant

295 2032 345 2041 -
390 1991 442 2064 18,
451 1988 566 2071 fuerat
695 1985 773 2063 fuit,
788 1986 823 2048 in
836 1986 896 2069 jus
914 2005 1013 2049 suum
1030 1989 1254 2066 assumptum.

295 2150 346 2159 -
390 2113 444 2189 26,
460 2110 593 2174 arctetis
696 2112 838 2175 armetis
856 2160 863 2174 .
879 2159 886 2174 .
900 2159 908 2175 .
924 2111 986 2175 icis
1002 2109 1087 2173 suis.

297 2228 372 2304 278,
390 2229 648 2314 l3‚protraciesct
695 2237 935 2318 pertraxisset.

295 2396 346 2405 -
391 2355 444 2429 26,
463 2350 591 2416 docebat
696 2361 864 2442 rapiebat.

295 2518 346 2527 —
392 2470 647 2550 28620111πὶ163
695 2480 880 2543 indiscrete
909 2479 1126 2556 rebellantes,
1150 2477 1267 2560 potius
1298 2496 1320 2542 a
1349 2498 1400 2541 se-

717 2579 873 2662 metipsis
890 2599 993 2661 quam
1011 2581 1054 2643 ab
1070 2579 1159 2643 aliis.

297 2695 372 2775 279,
412 2702 443 2775 4,
460 2698 540 2762 nudi
695 2703 795 2785 quasi
841 2703 981 2786 spoliati
1020 2722 1041 2766 a
1076 2700 1327 2785 vespilionibus
1363 2700 1399 2761 in

503 2877 505 2881 ⁸
718 2804 890 2887 compitis.

295 2964 345 2975 —
410 2961 437 2973 -
461 2943 597 3007 querco
695 2945 760 2991 sua
776 2926 1000 2990 illucdelata.

459 3030 548 3085 eram

296 3186 346 3196 --
412 3140 441 3220 7,
454 3143 622 3227 perreriam
695 3146 787 3210 addit
809 3145 935 3224 Paris,
958 3167 1090 3211 necnon
1111 3155 1147 3212 et
1162 3151 1399 3215 stratilectilia

717 3266 795 3309 cum
812 3247 959 3310 viaticis.

295 3411 347 3421 -
411 3407 438 3418 -
461 3369 636 3431 universnm
694 3371 782 3436 deest.

295 3529 346 3537 —
412 3495 445 3567 8,
461 3491 646 3576 adpropriet
695 3493 814 3557 dccccl.

295 3651 347 3660 -
392 3617 444 3692 19,
456 3615 612 3700 plurimos
694 3616 787 3681 addit
805 3616 931 3694 Paris„
947 3617 1039 3700 quod
1057 3615 1168 3683 dirum
1189 3640 1290 3685 omen
1310 3622 1401 3685 solet

717 3715 923 3797 significare.

297 3836 370 3908 280,
413 3834 547 3910 21111123
569 3842 646 3897 stre·
697 3837 921 3902 Flandrensis
938 3841 1090 3919 natione,
1108 3842 1206 3907 miles
1224 3851 1398 3919 strenuus,

463 3955 543 3997 coes
560 3982 568 3997 .
587 3982 594 3997 .
612 3982 645 3997 ..
717 3957 818 4020 quem
849 3958 911 4003 rex
943 3940 1014 4002 suis
1048 3943 1187 4007 vocavit
1220 3951 1256 4006 et
1288 3942 1399 4006 tenuit

459 4033 610 4120 eoyitcbct
716 4038 911 4120 stipendiis,
929 4046 964 4103 et
978 4039 1087 4103 eidem
1109 4041 1196 4105 illud
1217 4042 1398 4105 castellnm

717 4139 935 4203 commiserat
946 4139 1219 4218 custodiendum,
1231 4161 1309 4205 cum
1322 4140 1399 4205 Pic-

718 4239 917 4303 tavensibus
938 4246 974 4302 et
988 4238 1259 4304 Flendrensibus
1277 4259 1399 4323 quam·

716 4338 894 4419 plurimis3
919 4345 954 4402 et
965 4339 1161 4420 intelligens
1180 4359 1249 4422 quo
1263 4339 1399 4403 Mares·

717 4437 827 4501 callus
856 4445 942 4515 eret,
972 4457 1073 4520 quem
1101 4439 1189 4502 vidit
1216 4439 1397 4502 castellum

716 4556 793 4600 cum
822 4539 942 4620 paucis
968 4538 1160 4620 explorare,
1183 4539 1309 4621 erupit,
1335 4540 1399 4602 im-
