3384 5625
669 805 866 853 nnomouns
893 805 1025 853 vnnnn.
1328 788 1397 853 229

295 983 330 1046 in
358 985 436 1065 quo
450 986 560 1050 multa
583 986 722 1050 suerunt
747 994 881 1050 statuta
907 988 951 1050 ad
979 987 1255 1051 reformationem
1280 993 1391 1050 status

296 1084 448 1147 ecclesiae
478 1084 682 1167 Anglicanae
715 1093 750 1149 et
781 1088 980 1150 monasticae
1014 1087 1202 1168 religioniS,
1236 1087 1326 1149 sicut
1355 1087 1391 1150 in

296 1182 388 1246 dieto
420 1186 564 1249 concilio
599 1187 686 1249 alias
719 1186 854 1266 plenius
884 1187 1090 1250 continetur.
1144 1186 1274 1250 Eodem
1308 1205 1390 1267 quo

296 1301 362 1362 que
387 1302 477 1348 anno
501 1285 585 1348 obiit
600 1285 797 1349 willelmus
820 1286 863 1348 de
895 1284 1061 1361 Humeto,
1086 1287 1193 1349 abbas
1218 1282 1391 1350 westmo-

296 1384 529 1462 nasteriensis
562 1384 763 1448 duodecimo
802 1384 964 1448 calendas
996 1385 1101 1463 Maii;
1140 1385 1196 1448 cui
1225 1386 1391 1449 successit

297 1480 492 1545 Richardus
528 1483 571 1546 de
606 1482 771 1564 Berking,
812 1484 966 1568 ejusdem
1000 1484 1153 1548 ecclesiae
1189 1485 1294 1566 prior,
1330 1485 1390 1565 qui

296 1580 413 1643 eodem
446 1581 548 1656 anno,
579 1582 836 1664 quartodecimo
876 1583 1037 1646 calendas
1073 1583 1245 1658 Octobris,
1275 1602 1297 1646 a
1332 1583 1390 1647 do-

295 1680 387 1743 mino
412 1680 518 1744 Petro
541 1681 773 1745 wintoniensi
799 1681 835 1744 in
861 1683 1006 1746 ecclesia
1027 1681 1391 1745 westmonasteriensi

295 1797 418 1841 munus
444 1781 690 1844 benedictionis
713 1780 873 1864 suscepit.
927 1782 1010 1863 Ipso
1039 1801 1175 1863 quoque
1202 1801 1292 1845 anno
1316 1781 1390 1844 Ra-

296 1877 456 1959 nulpbus,
497 1879 722 1944 cicestrensis
763 1880 958 1961 episcopus,
998 1881 1184 1962 aliquando
1225 1880 1391 1956 officialis

294 1984 415 2057 postea
438 1979 531 2059 prior
559 1979 806 2055 Norwicensis,
827 1980 918 2043 viam
942 1980 1110 2044 universae
1130 1979 1242 2043 carnis
1265 1986 1318 2043 est
1341 1980 1393 2041 in-

293 2095 453 2155 gressus3
478 2079 532 2141 cui
555 2080 720 2142 successit
742 2079 948 2160 Radulpbus
974 2079 1016 2142 de
1036 2079 1187 2154 Nevilla,
1210 2080 1270 2160 qui
1289 2085 1393 2141 antea

294 2183 410 2238 custos
440 2184 475 2240 et
504 2178 643 2261 bajulus
672 2178 778 2259 sigilli
805 2178 890 2259 regii
921 2178 1115 2254 exstiterat,
1144 2177 1235 2257 regis
1265 2178 1391 2241 fidelis·

295 2274 400 2337 simus
429 2277 666 2352 cancellarius
693 2296 835 2339 assensu
863 2277 971 2340 totius
991 2278 1100 2357 regni,
1120 2276 1237 2358 itaque
1261 2277 1392 2340 scilicet

295 2379 334 2435 ut
361 2394 429 2437 non
448 2375 676 2456 deponeretur
701 2377 745 2439 ab
769 2377 843 2459 ejus
864 2375 969 2463 sigilli
996 2377 1152 2440 custodia
1184 2377 1251 2439 nisi
1283 2376 1391 2440 totius

293 2474 391 2553 regni
419 2474 599 2540 ordinante
621 2494 790 2538 consensu
814 2482 849 2538 et
882 2476 1036 2552 consilio,
1061 2479 1121 2557 qui
1150 2483 1230 2557 post
1257 2494 1392 2556 suscep

294 2578 366 2633 tum
385 2574 607 2653 praesulatum
628 2576 755 2638 mansit
773 2574 1008 2637 cancellarius.
1058 2574 1198 2638 Electus
1217 2573 1283 2636 fuit
1300 2575 1392 2636 circa

293 2669 417 2734 festum
443 2671 603 2735 Omnium
633 2673 850 2748 Sanctorum,
881 2672 940 2735 sed
967 2673 1124 2753 sequenti
1152 2691 1241 2735 anno
1268 2672 1392 2734 confir·

295 2777 420 2835 matus
482 2769 586 2836 Anno
620 2791 757 2855 quoque
788 2772 865 2854 ipso
896 2770 981 2835 obiit
1010 2770 1206 2835 willelmus
1239 2770 1281 2834 de
1314 2770 1393 2853 Ely,

294 2868 432 2950 Angliae
459 2871 704 2935 thesaurarius.
757 2872 886 2935 Eodem
913 2889 1003 2934 anno
1034 2871 1154 2934 sedata
1184 2876 1237 2933 est
1260 2877 1393 2933 contro

296 2970 408 3032 versia
440 2971 530 3034 inter
563 2971 800 3047 Eustachium,
830 2972 1028 3055 episcopum
1065 2969 1328 3046 Londinensem,
1359 2977 1394 3033 et

296 3069 485 3149 capitulum
505 3072 616 3134 sancti
640 3071 740 3133 Pauli
770 3091 813 3133 ex
840 3090 920 3146 una,
946 3076 981 3133 et
1000 3069 1212 3133 willelmum
1237 3070 1395 3132 abbatem

296 3174 331 3230 et
351 3176 556 3231 conventum
573 3168 977 3233 westmonasteriensem
1000 3187 1045 3231 ex
1069 3169 1178 3231 altera
1200 3175 1311 3250 parte,
1334 3188 1396 3250 per

296 3257 520 3347 Stephanum,
554 3266 837 3331 Cantuariensem
868 3267 1174 3348 archiepiscopum,
1203 3267 1244 3328 Ρ.
1259 3266 1396 3330 winto-

298 3365 463 3441 niensem,
488 3366 532 3428 R.
552 3366 855 3450 'Sarisberiensem
881 3367 1071 3447 episcopos
1100 3372 1135 3428 et
1159 3365 1327 3428 Thomam
1353 3365 1396 3428 de

300 3464 481 3528 Meretona
512 3472 546 3528 et
579 3465 792 3535 Richardum
832 3464 875 3526 de
918 3463 1143 3546 Dunestaple,
1177 3464 1320 3545 prioreS,
1359 3464 1395 3525 in

297 3582 384 3645 quos
418 3565 529 3627 ambae
557 3571 674 3646 partes
706 3573 870 3646 tanquam
901 3564 1048 3626 arbitros
1076 3570 1111 3626 et
1138 3563 1233 3646 pacis
1259 3562 1396 3626 ordina-

298 3671 390 3726 tores
424 3670 690 3743 consenserunt3
727 3665 785 3746 qui
818 3663 1063 3726 monasterium
1094 3662 1395 3726 westmonasterii

297 3762 340 3824 ab
365 3762 558 3825 omnimoda
578 3764 791 3846 subjectione
812 3770 847 3826 et
866 3762 1106 3846 jurisdictione
1129 3762 1281 3844 episcopi
1307 3759 1396 3824 Lon-

299 3860 451 3923 dinensis
484 3863 621 3942 penitus
657 3872 854 3945 exemptum
889 3862 1162 3938 declaraverunt,
1197 3868 1232 3924 et
1264 3860 1397 3923 ordina-

298 3966 423 4022 verunt
452 3960 542 4041 quod
576 3961 720 4024 ecclesia
753 3962 795 4024 de
822 3960 946 4024 Stanes
974 3979 1052 4024 cum
1082 3959 1296 4042 pertinentiis
1326 3958 1397 4021 suis

298 4058 334 4119 in
371 4076 456 4120 usus
496 4061 654 4141 proprios
693 4059 846 4122 ecclesiae
882 4056 1262 4123 westmonasteriensis
1304 4076 1398 4118 com·

298 4164 501 4233 mutaretur,
532 4166 567 4222 et
591 4158 780 4222 manerium
810 4157 852 4219 de
883 4157 1075 4220 Sumnebus
1104 4156 1140 4217 in
1170 4154 1398 4236 proprietates

299 4257 450 4338 episcopi
490 4257 753 4333 Londoniensis,
797 4264 832 4319 et
871 4255 1015 4318 ecclesia
1058 4254 1210 4338 ejusdem
1255 4253 1398 4316 manerii
1486 4282 1489 4290 ·

297 4354 400 4445 cedat
427 4357 463 4418 in
492 4376 575 4420 usus
604 4358 762 4439 proprios
792 4354 946 4419 ecclesiae
980 4353 1092 4418 sancti
1125 4352 1228 4416 Pauli
1258 4353 1294 4415 in
1322 4371 1401 4433 per-

297 4460 450 4536 petuum.
