3384 5625
671 792 872 839 uncvronus
896 792 1029 841 venia.
1360 776 1400 838 51

297 985 402 1049 supra
420 970 558 1034 modum
576 970 663 1034 adiit
682 978 717 1034 et
732 970 879 1034 corrosit
894 971 937 1033 de
958 988 1063 1034 carne
1080 968 1235 1045 infantie,
1253 974 1288 1031 et
1305 967 1400 1032 vide·
1451 1008 1454 1012 ⁴

295 1065 398 1130 batur
414 1070 446 1132 ei
463 1068 645 1151 praedulce,
669 1069 761 1153 quod
779 1075 1002 1152 gustaverat;
1034 1077 1069 1133 et
1084 1069 1203 1134 volens
1226 1067 1305 1150 plus
1325 1068 1400 1130 avi·

296 1164 374 1228 dius
395 1186 542 1246 sumere,
570 1169 684 1233 infans
710 1177 811 1234 torvo
838 1176 983 1251 aspectu
1013 1176 1048 1233 et
1074 1188 1160 1234 voce
1185 1168 1311 1230 minaci
1338 1167 1400 1242 ait,

296 1263 467 1343 ‘Desiste
489 1269 591 1331 nimis
612 1268 800 1351 accepisti.’
852 1268 1127 1350 Expergelactus
1148 1285 1170 1330 a
1191 1286 1313 1330 somno
1336 1286 1399 1329 rex

295 1366 467 1429 consuluit
482 1387 583 1431 mane
598 1367 792 1450 superhaec
807 1368 980 1450 quendam
994 1369 1205 1450 episcopum.
1258 1365 1398 1448 Episco-

294 1479 359 1542 pus
379 1472 495 1529 autem
512 1468 691 1549 suspicans
706 1467 875 1550 judicium
889 1467 1052 1531 vindictae
1070 1467 1132 1543 ait,
1148 1471 1159 1500 ‘
1177 1465 1318 1541 Desine,
1336 1484 1399 1527 rex

294 1561 394 1640 bone,
409 1584 431 1628 a
448 1567 687 1646 persecutione
704 1566 872 1643 ecclesiae,
890 1565 1106 1648 praemonitio
1124 1565 1214 1628 enim
1238 1564 1313 1627 haec
1331 1562 1399 1626 Dei

295 1668 347 1723 est
367 1671 402 1727 et
421 1665 570 1747 benigna
596 1667 800 1747 castigati03
831 1685 906 1739 nec,
930 1673 969 1729 ut
991 1665 1212 1747 proposuisti,
1237 1670 1399 1727 venatum

294 1760 376 1823 aas)
427 1761 507 1826 Rex
530 1772 753 1828 contemnens
774 1756 942 1828 salutaria
966 1765 1098 1826 monita
1118 1764 1154 1825 in
1172 1763 1279 1826 silvas
1295 1780 1400 1824 vena-

295 1866 366 1921 tum
383 1860 459 1926 ivit.
512 1863 558 1927 Et
582 1883 661 1927 ecce
685 1882 781 1939 casu,
806 1881 928 1927 cervus
952 1881 1099 1943 magnus
1122 1881 1199 1925 cum
1222 1868 1302 1925 ante
1320 1880 1398 1923 eum

294 1960 468 2038 transiret,
491 1962 540 2025 ait
557 1982 621 2026 rex
638 1963 776 2025 cuidam
799 1962 913 2038 militi,
936 1961 1067 2024 scilicet
1084 1961 1243 2025 Waltero
1265 1959 1399 2041 Tyrell,

294 2057 445 2136 ‘Treba
461 2059 621 2125 diabole.'
663 2060 762 2124 Exiit
778 2080 863 2142 ergo
879 2059 986 2124 telum
1004 2059 1156 2136 volatile,
1170 2060 1213 2123 de
1226 2080 1296 2143 quo
1311 2059 1404 2147 bene¹

295 2162 330 2219 et
346 2177 424 2221 vere
437 2159 552 2241 potuit
569 2159 637 2223 dici
652 2167 688 2224 et
704 2160 870 2224 vaticinio
884 2158 1053 2234 denotari,

503 2316 575 2375 ‘Et'
591 2316 678 2374 semel
691 2316 825 2374 emissum
840 2317 918 2374 volat
930 2316 1114 2373 irrevocabile
1126 2314 1233 2377 telum!

295 2456 351 2532 Et,
374 2460 535 2524 obstante
556 2462 692 2537 arbore,
718 2461 754 2523 in
779 2460 956 2542 obliquum
980 2459 1145 2523 reflexum
1172 2459 1313 2536 faciens,
1337 2480 1399 2542 per

294 2557 440 2621 medium
462 2558 576 2623 cordis
599 2579 716 2641 regem
738 2560 922 2635 sauciavit,
943 2558 1002 2640 qui
1019 2559 1133 2621 subito
1150 2567 1307 2621 mortuus
1324 2577 1399 2621 cor-

294 2656 372 2719 ruit.
425 2657 486 2721 Sui
502 2667 630 2736 autem,
647 2665 683 2722 et
697 2658 871 2741 praecipue
895 2659 993 2721 miles
1016 2657 1086 2731 ille,
1109 2656 1144 2720 in
1167 2663 1285 2738 partes
1300 2656 1397 2737 fuge·

295 2761 386 2819 mnt.
436 2755 556 2841 Aliqui
573 2764 648 2822 tum
664 2758 847 2821 redeuntes
865 2776 992 2840 corpus
1009 2757 1046 2820 in
1064 2755 1235 2837 sanguine
1252 2774 1315 2819 suo
1333 2756 1398 2819 cir-

294 2855 529 2920 cumvolutum
554 2865 590 2921 et
613 2857 825 2922 tabefactum
854 2876 960 2938 supra
984 2857 1099 2937 bigam
1123 2855 1303 2938 cujusdam
1322 2875 1396 2918 car-

293 2952 470 3018 bonatoris
498 2956 735 3038 imposuerunt
766 2956 937 3037 fragilem,
969 2964 1005 3020 et
1032 2955 1313 3018 macilentissimo
1340 2954 1397 3038 ju-

295 3061 410 3117 mento
432 3073 502 3119 uno
525 3063 683 3120 tractam.
736 3054 942 3120 Rusticulus
969 3055 1077 3135 igitur
1104 3061 1245 3118 coactus
1272 3073 1397 3135 corpus

295 3149 339 3213 ad
364 3153 540 3217 civitatem
567 3162 816 3236 transportare,
842 3155 923 3217 dum
949 3154 1113 3217 transiret
1134 3173 1196 3236 per
1223 3153 1396 3234 quandam

295 3249 498 3330 profundam
518 3260 553 3316 et
568 3253 719 3317 lutosam
733 3253 836 3330 viam,
860 3253 972 3316 fracta
992 3253 1074 3332 biga
1095 3272 1159 3316 sua
1181 3252 1297 3328 debili,
1324 3271 1398 3314 cor-

295 3367 372 3430 pus,
399 3349 503 3413 immc
531 3350 681 3415 cadaver
707 3351 854 3432 rigidum
883 3358 919 3414 et
940 3350 1077 3426 foetens,
1101 3351 1137 3412 in
1159 3351 1234 3414 luto
1256 3350 1398 3414 circum-

295 3448 464 3525 volutum,
487 3449 682 3514 volentibus
708 3455 888 3531 asportare
915 3448 1108 3529 dereliquit.
1160 3448 1289 3511 Eadem
1312 3448 1398 3512 hora

295 3563 408 3610 comes
427 3545 622 3621 Cornubiae,
646 3548 682 3612 in
704 3549 794 3612 silva
816 3549 860 3612 ab
884 3548 945 3611 illa
961 3548 997 3610 in
1017 3566 1087 3629 qua
1108 3545 1183 3609 haec
1201 3546 1398 3611 acciderant

294 3664 356 3726 per
372 3645 458 3709 duas
473 3647 584 3711 dietas
602 3649 765 3725 distante,
786 3649 868 3710 dum
883 3654 1046 3712 venatum
1069 3646 1136 3708 iret
1153 3651 1188 3708 et
1204 3644 1298 3708 solus
1314 3664 1397 3709 casu

296 3746 402 3807 esuis
424 3745 600 3810 sodalibus
622 3747 882 3830 relinqueretur,
910 3746 1066 3810 obviavit
1081 3763 1208 3824 magno
1230 3744 1341 3826 piloso
1363 3752 1398 3809 et

296 3842 396 3924 nigro
412 3843 520 3923 hirco,
537 3845 661 3910 ferenti
677 3861 793 3928 regem
810 3847 946 3926 nigrum
963 3852 999 3908 et
1016 3842 1145 3907 nudum
1167 3862 1229 3924 per
1250 3845 1397 3907 medium

295 3943 443 4022 pectoris
456 3945 666 4023 sauciatum3
694 3953 730 4008 et
740 3945 920 4028 adjuratus
936 3943 1050 4006 hircus
1065 3962 1128 4024 per
1143 3941 1256 4004 Deum
1271 3943 1398 4004 trinum

295 4046 331 4103 et
354 4060 459 4104 uuum
486 4044 656 4123 quidhoc
682 4050 786 4119 esset,
807 4042 995 4124 respondit,
1021 4041 1132 4103 ‘Fero
1161 4039 1205 4102 ad
1230 4039 1398 4120 judicium

294 4157 395 4202 suum
418 4160 533 4222 regem
555 4150 722 4215 vestrum,
744 4141 849 4203 immo
869 4148 1066 4222 tyrannum,
1082 4136 1295 4201 Willelmum
1324 4139 1398 4201 Ru-

295 4237 377 4301 fum.
429 4239 609 4321 Malignus
624 4241 714 4304 enim
728 4240 870 4321 spiritus
887 4257 976 4314 sum,
993 4245 1028 4301 et
1045 4238 1137 4301 ultor
1154 4235 1296 4298 malitiae
1313 4256 1399 4313 suae,

479 4431 486 4462 ¹
498 4430 557 4505 Ee]
574 4438 623 4486 ‘Et
633 4438 711 4487 semel
722 4437 841 4486 emissum
853 4435 921 4485 volet
929 4436 1092 4484 irrevocabile
1104 4431 1224 4486 verbum?

1068 4506 1131 4554 Hor.
1145 4506 1193 4566 Ep.
1208 4517 1225 4553 1.
1238 4504 1309 4553 xviii.
1322 4509 1362 4554 ⁷1.

1248 4594 1295 4638 εἳ
