<?xml version="1.0" encoding="UTF-8"?>
<!DOCTYPE html PUBLIC "-//W3C//DTD XHTML 1.0 Transitional//EN"
    "http://www.w3.org/TR/xhtml1/DTD/xhtml1-transitional.dtd">
<html xmlns="http://www.w3.org/1999/xhtml" xml:lang="en" lang="en">
 <head>
  <title>
</title>
<meta http-equiv="Content-Type" content="text/html;charset=utf-8" />
  <meta name='ocr-system' content='tesseract 3.04.00' />
  <meta name='ocr-capabilities' content='ocr_page ocr_carea ocr_par ocr_line ocrx_word'/>
</head>
<body>
  <div class='ocr_page' id='page_1' title='image "./rogeridewendove00rogegoog_0204.png"; bbox 0 0 3384 5625; ppageno 0'>
   <div class='ocr_carea' id='block_1_1' title="bbox 290 774 1018 841">
    <p class='ocr_par' dir='ltr' id='par_1_1' title="bbox 290 774 1018 841">
     <span class='ocr_line' id='line_1_1' title="bbox 290 774 1018 841; baseline 0 -2"><span class='ocrx_word' id='word_1_1' title='bbox 290 774 355 841; x_wconf 78' lang='lat'><strong>182</strong></span> <span class='ocrx_word' id='word_1_2' title='bbox 662 789 861 839; x_wconf 78' lang='lat' dir='ltr'><strong>nucniouns</strong></span> <span class='ocrx_word' id='word_1_3' title='bbox 884 790 1018 839; x_wconf 70' lang='lat' dir='ltr'><strong>varum</strong></span> 
     </span>
    </p>
   </div>
   <div class='ocr_carea' id='block_1_2' title="bbox 302 914 434 954">
    <p class='ocr_par' dir='ltr' id='par_1_2' title="bbox 302 914 434 954">
     <span class='ocr_line' id='line_1_2' title="bbox 302 914 434 954; baseline 0.015 -2"><span class='ocrx_word' id='word_1_4' title='bbox 302 917 358 954; x_wconf 71' lang='lat' dir='ltr'><strong>PAO.</strong></span> <span class='ocrx_word' id='word_1_5' title='bbox 383 914 434 954; x_wconf 74' lang='lat' dir='ltr'><strong>UN-</strong></span> 
     </span>
    </p>
   </div>
   <div class='ocr_carea' id='block_1_3' title="bbox 292 975 1100 1177">
    <p class='ocr_par' dir='ltr' id='par_1_3' title="bbox 292 975 1100 1177">
     <span class='ocr_line' id='line_1_3' title="bbox 293 975 1100 1062; baseline -0.006 -19"><span class='ocrx_word' id='word_1_6' title='bbox 293 981 367 1057; x_wconf 87' lang='grc'><strong>309,</strong></span> <span class='ocrx_word' id='word_1_7' title='bbox 406 981 436 1053; x_wconf 92' lang='grc'><strong>1,</strong></span> <span class='ocrx_word' id='word_1_8' title='bbox 452 976 609 1062; x_wconf 61' lang='lat' dir='ltr'><strong>rationetur</strong></span> <span class='ocrx_word' id='word_1_9' title='bbox 691 977 870 1060; x_wconf 81' lang='lat' dir='ltr'><strong>ntiagctur</strong></span> <span class='ocrx_word' id='word_1_10' title='bbox 888 983 950 1040; x_wconf 87' lang='lat' dir='ltr'><strong>aut</strong></span> <span class='ocrx_word' id='word_1_11' title='bbox 968 975 1100 1040; x_wconf 87' lang='lat' dir='ltr'><strong>exulet.</strong></span> 
     </span>
     <span class='ocr_line' id='line_1_4' title="bbox 292 1100 914 1177; baseline 0.003 -14"><span class='ocrx_word' id='word_1_12' title='bbox 292 1136 344 1149; x_wconf 93' lang='lat'>-</span> <span class='ocrx_word' id='word_1_13' title='bbox 410 1103 441 1177; x_wconf 80' lang='lat'><strong>2,</strong></span> <span class='ocrx_word' id='word_1_14' title='bbox 460 1101 640 1166; x_wconf 68' lang='lat' dir='ltr'><strong>destructio</strong></span> <span class='ocrx_word' id='word_1_15' title='bbox 692 1100 914 1166; x_wconf 84' lang='lat' dir='ltr'><strong>destituatur.</strong></span> 
     </span>
    </p>
   </div>
   <div class='ocr_carea' id='block_1_4' title="bbox 293 1223 1398 2305">
    <p class='ocr_par' dir='ltr' id='par_1_4' title="bbox 293 1223 1398 2305">
     <span class='ocr_line' id='line_1_5' title="bbox 293 1223 1398 1307; baseline -0.001 -18"><span class='ocrx_word' id='word_1_16' title='bbox 293 1262 344 1273; x_wconf 88' lang='lat'><em>-</em></span> <span class='ocrx_word' id='word_1_17' title='bbox 389 1226 443 1301; x_wconf 89' lang='grc'><strong>19,</strong></span> <span class='ocrx_word' id='word_1_18' title='bbox 459 1234 544 1290; x_wconf 76' lang='lat' dir='ltr'><strong>terra</strong></span> <span class='ocrx_word' id='word_1_19' title='bbox 562 1246 630 1289; x_wconf 80' lang='lat' dir='ltr'><strong>nos·</strong></span> <span class='ocrx_word' id='word_1_20' title='bbox 691 1227 784 1291; x_wconf 75' lang='lat' dir='ltr'><strong>addit</strong></span> <span class='ocrx_word' id='word_1_21' title='bbox 815 1225 936 1301; x_wconf 83' lang='lat' dir='ltr'><strong>Paris,</strong></span> <span class='ocrx_word' id='word_1_22' title='bbox 972 1224 1093 1288; x_wconf 84' lang='lat' dir='ltr'><strong>Liceat</strong></span> <span class='ocrx_word' id='word_1_23' title='bbox 1125 1223 1311 1307; x_wconf 89' lang='lat' dir='ltr'><strong>unicuique</strong></span> <span class='ocrx_word' id='word_1_24' title='bbox 1354 1224 1398 1288; x_wconf 87' lang='lat' dir='ltr'><strong>de</strong></span> 
     </span>
     <span class='ocr_line' id='line_1_6' title="bbox 461 1323 1398 1405; baseline -0.001 -17"><span class='ocrx_word' id='word_1_25' title='bbox 461 1333 512 1388; x_wconf 79' lang='lat' dir='ltr'><strong>tra</strong></span> <span class='ocrx_word' id='word_1_26' title='bbox 715 1334 841 1391; x_wconf 85' lang='lat' dir='ltr'><strong>caetero</strong></span> <span class='ocrx_word' id='word_1_27' title='bbox 873 1324 968 1390; x_wconf 87' lang='lat' dir='ltr'><strong>exire</strong></span> <span class='ocrx_word' id='word_1_28' title='bbox 996 1323 1038 1388; x_wconf 91' lang='lat' dir='ltr'><strong>de</strong></span> <span class='ocrx_word' id='word_1_29' title='bbox 1070 1343 1177 1405; x_wconf 83' lang='lat' dir='ltr'><strong>regno</strong></span> <span class='ocrx_word' id='word_1_30' title='bbox 1206 1330 1326 1388; x_wconf 89' lang='lat' dir='ltr'><strong>nostro</strong></span> <span class='ocrx_word' id='word_1_31' title='bbox 1362 1331 1398 1388; x_wconf 88' lang='lat' dir='ltr'><strong>et</strong></span> 
     </span>
     <span class='ocr_line' id='line_1_7' title="bbox 716 1424 1396 1505; baseline 0 -18"><span class='ocrx_word' id='word_1_32' title='bbox 716 1426 826 1489; x_wconf 91' lang='lat' dir='ltr'><strong>redire</strong></span> <span class='ocrx_word' id='word_1_33' title='bbox 850 1424 950 1489; x_wconf 87' lang='lat' dir='ltr'><strong>salvo</strong></span> <span class='ocrx_word' id='word_1_34' title='bbox 978 1430 1013 1488; x_wconf 91' lang='lat' dir='ltr'><strong>et</strong></span> <span class='ocrx_word' id='word_1_35' title='bbox 1040 1442 1159 1488; x_wconf 87' lang='lat' dir='ltr'><strong>secure</strong></span> <span class='ocrx_word' id='word_1_36' title='bbox 1181 1442 1243 1505; x_wconf 88' lang='lat' dir='ltr'><strong>per</strong></span> <span class='ocrx_word' id='word_1_37' title='bbox 1268 1430 1396 1488; x_wconf 84' lang='lat' dir='ltr'><strong>terram</strong></span> 
     </span>
     <span class='ocr_line' id='line_1_8' title="bbox 716 1522 1397 1608; baseline -0.003 -19"><span class='ocrx_word' id='word_1_38' title='bbox 716 1533 751 1589; x_wconf 92' lang='lat' dir='ltr'><strong>et</strong></span> <span class='ocrx_word' id='word_1_39' title='bbox 782 1545 843 1608; x_wconf 89' lang='lat' dir='ltr'><strong>per</strong></span> <span class='ocrx_word' id='word_1_40' title='bbox 873 1543 1011 1608; x_wconf 86' lang='lat' dir='ltr'><strong>aquam,</strong></span> <span class='ocrx_word' id='word_1_41' title='bbox 1041 1523 1141 1587; x_wconf 85' lang='lat' dir='ltr'><strong>salva</strong></span> <span class='ocrx_word' id='word_1_42' title='bbox 1171 1522 1238 1586; x_wconf 91' lang='lat' dir='ltr'><strong>fidc</strong></span> <span class='ocrx_word' id='word_1_43' title='bbox 1265 1530 1397 1600; x_wconf 83' lang='lat' dir='ltr'><strong>nostra,</strong></span> 
     </span>
     <span class='ocr_line' id='line_1_9' title="bbox 716 1622 1395 1705; baseline -0.001 -18"><span class='ocrx_word' id='word_1_44' title='bbox 716 1625 782 1688; x_wconf 92' lang='lat' dir='ltr'><strong>nisi</strong></span> <span class='ocrx_word' id='word_1_45' title='bbox 797 1625 834 1689; x_wconf 91' lang='lat' dir='ltr'><strong>in</strong></span> <span class='ocrx_word' id='word_1_46' title='bbox 856 1632 1010 1705; x_wconf 87' lang='lat' dir='ltr'><strong>tempore</strong></span> <span class='ocrx_word' id='word_1_47' title='bbox 1026 1641 1161 1704; x_wconf 84' lang='lat' dir='ltr'><strong>guerrae</strong></span> <span class='ocrx_word' id='word_1_48' title='bbox 1176 1642 1238 1705; x_wconf 88' lang='lat' dir='ltr'><strong>per</strong></span> <span class='ocrx_word' id='word_1_49' title='bbox 1254 1622 1395 1705; x_wconf 79' lang='lat' dir='ltr'>aliquod</span> 
     </span>
     <span class='ocr_line' id='line_1_10' title="bbox 716 1725 1395 1806; baseline -0.001 -19"><span class='ocrx_word' id='word_1_50' title='bbox 716 1725 821 1789; x_wconf 84' lang='lat' dir='ltr'><strong>breve</strong></span> <span class='ocrx_word' id='word_1_51' title='bbox 853 1731 989 1806; x_wconf 88' lang='lat' dir='ltr'><strong>tempus</strong></span> <span class='ocrx_word' id='word_1_52' title='bbox 1013 1730 1155 1804; x_wconf 87' lang='lat' dir='ltr'><strong>propter</strong></span> <span class='ocrx_word' id='word_1_53' title='bbox 1180 1742 1395 1787; x_wconf 89' lang='lat' dir='ltr'><strong>communem</strong></span> 
     </span>
     <span class='ocr_line' id='line_1_11' title="bbox 718 1821 1398 1906; baseline 0 -19"><span class='ocrx_word' id='word_1_54' title='bbox 718 1823 903 1888; x_wconf 85' lang='lat' dir='ltr'><strong>utilitatem</strong></span> <span class='ocrx_word' id='word_1_55' title='bbox 922 1822 1042 1905; x_wconf 82' lang='lat' dir='ltr'><strong>regni3</strong></span> <span class='ocrx_word' id='word_1_56' title='bbox 1066 1822 1222 1906; x_wconf 84' lang='lat' dir='ltr'><strong>exceptis</strong></span> <span class='ocrx_word' id='word_1_57' title='bbox 1239 1821 1398 1904; x_wconf 89' lang='lat' dir='ltr'><strong>impriso-</strong></span> 
     </span>
     <span class='ocr_line' id='line_1_12' title="bbox 718 1920 1395 2004; baseline -0.001 -18"><span class='ocrx_word' id='word_1_58' title='bbox 718 1923 809 1987; x_wconf 88' lang='lat' dir='ltr'><strong>natis</strong></span> <span class='ocrx_word' id='word_1_59' title='bbox 830 1930 866 1986; x_wconf 87' lang='lat' dir='ltr'><strong>et</strong></span> <span class='ocrx_word' id='word_1_60' title='bbox 883 1922 1050 2003; x_wconf 83' lang='lat' dir='ltr'><strong>utlagatis</strong></span> <span class='ocrx_word' id='word_1_61' title='bbox 1075 1920 1261 1986; x_wconf 90' lang='lat' dir='ltr'><strong>secundum</strong></span> <span class='ocrx_word' id='word_1_62' title='bbox 1284 1921 1395 2004; x_wconf 84' lang='lat' dir='ltr'><strong>legem</strong></span> 
     </span>
     <span class='ocr_line' id='line_1_13' title="bbox 717 2022 1396 2105; baseline 0 -20"><span class='ocrx_word' id='word_1_63' title='bbox 717 2022 827 2105; x_wconf 83' lang='lat' dir='ltr'><strong>regni,</strong></span> <span class='ocrx_word' id='word_1_64' title='bbox 839 2029 875 2086; x_wconf 89' lang='lat' dir='ltr'><strong>et</strong></span> <span class='ocrx_word' id='word_1_65' title='bbox 886 2028 989 2103; x_wconf 87' lang='lat' dir='ltr'><strong>gente</strong></span> <span class='ocrx_word' id='word_1_66' title='bbox 1006 2028 1128 2085; x_wconf 89' lang='lat' dir='ltr'><strong>contra</strong></span> <span class='ocrx_word' id='word_1_67' title='bbox 1140 2040 1203 2086; x_wconf 88' lang='lat' dir='ltr'><strong>nus</strong></span> <span class='ocrx_word' id='word_1_68' title='bbox 1220 2022 1396 2101; x_wconf 83' lang='lat' dir='ltr'><strong>guerrina,</strong></span> 
     </span>
     <span class='ocr_line' id='line_1_14' title="bbox 717 2120 1397 2204; baseline 0 -18"><span class='ocrx_word' id='word_1_69' title='bbox 717 2129 753 2186; x_wconf 88' lang='lat' dir='ltr'><strong>ct</strong></span> <span class='ocrx_word' id='word_1_70' title='bbox 766 2122 1026 2199; x_wconf 82' lang='lat' dir='ltr'><strong>mercatoribus,</strong></span> <span class='ocrx_word' id='word_1_71' title='bbox 1038 2121 1080 2185; x_wconf 91' lang='lat' dir='ltr'><strong>de</strong></span> <span class='ocrx_word' id='word_1_72' title='bbox 1093 2122 1217 2204; x_wconf 86' lang='lat' dir='ltr'><strong>quibus</strong></span> <span class='ocrx_word' id='word_1_73' title='bbox 1232 2120 1294 2185; x_wconf 87' lang='lat' dir='ltr'><strong>fiat</strong></span> <span class='ocrx_word' id='word_1_74' title='bbox 1305 2121 1397 2186; x_wconf 90' lang='lat' dir='ltr'><strong>sicut</strong></span> 
     </span>
     <span class='ocr_line' id='line_1_15' title="bbox 718 2222 1034 2305; baseline 0.006 -20"><span class='ocrx_word' id='word_1_75' title='bbox 718 2222 954 2305; x_wconf 89' lang='lat' dir='ltr'><strong>supradictum</strong></span> <span class='ocrx_word' id='word_1_76' title='bbox 969 2228 1034 2287; x_wconf 89' lang='lat' dir='ltr'><strong>est.</strong></span> 
     </span>
    </p>
   </div>
   <div class='ocr_carea' id='block_1_5' title="bbox 298 2343 1400 3505">
    <p class='ocr_par' dir='ltr' id='par_1_5' title="bbox 298 2343 1400 3505">
     <span class='ocr_line' id='line_1_16' title="bbox 298 2343 1397 2427; baseline 0.001 -20"><span class='ocrx_word' id='word_1_77' title='bbox 298 2382 348 2391; x_wconf 93' lang='lat'><em>-</em></span> <span class='ocrx_word' id='word_1_78' title='bbox 393 2343 624 2422; x_wconf 46' lang='lat' dir='ltr'><strong>3l„cseltuetam</strong></span> <span class='ocrx_word' id='word_1_79' title='bbox 695 2344 787 2408; x_wconf 78' lang='lat' dir='ltr'><strong>addit</strong></span> <span class='ocrx_word' id='word_1_80' title='bbox 816 2344 942 2421; x_wconf 74' lang='lat' dir='ltr'><strong>Paris„</strong></span> <span class='ocrx_word' id='word_1_81' title='bbox 974 2343 1143 2408; x_wconf 88' lang='lat' dir='ltr'><strong>Homines</strong></span> <span class='ocrx_word' id='word_1_82' title='bbox 1170 2344 1230 2427; x_wconf 93' lang='lat' dir='ltr'><strong>qui</strong></span> <span class='ocrx_word' id='word_1_83' title='bbox 1257 2353 1397 2408; x_wconf 86' lang='lat' dir='ltr'><strong>manent</strong></span> 
     </span>
     <span class='ocr_line' id='line_1_17' title="bbox 718 2443 1398 2508; baseline 0.003 -2"><span class='ocrx_word' id='word_1_84' title='bbox 718 2450 820 2507; x_wconf 83' lang='lat' dir='ltr'><strong>extra</strong></span> <span class='ocrx_word' id='word_1_85' title='bbox 858 2443 1023 2508; x_wconf 87' lang='lat' dir='ltr'><strong>forestam</strong></span> <span class='ocrx_word' id='word_1_86' title='bbox 1067 2463 1136 2508; x_wconf 93' lang='lat' dir='ltr'><strong>non</strong></span> <span class='ocrx_word' id='word_1_87' title='bbox 1174 2443 1316 2508; x_wconf 86' lang='lat' dir='ltr'><strong>veniant</strong></span> <span class='ocrx_word' id='word_1_88' title='bbox 1355 2445 1398 2508; x_wconf 90' lang='lat' dir='ltr'><strong>de</strong></span> 
     </span>
     <span class='ocr_line' id='line_1_18' title="bbox 720 2543 1398 2628; baseline 0.003 -23"><span class='ocrx_word' id='word_1_89' title='bbox 720 2550 845 2607; x_wconf 85' lang='lat' dir='ltr'><strong>caetero</strong></span> <span class='ocrx_word' id='word_1_90' title='bbox 863 2562 979 2607; x_wconf 88' lang='lat' dir='ltr'><strong>coram</strong></span> <span class='ocrx_word' id='word_1_91' title='bbox 988 2543 1189 2628; x_wconf 86' lang='lat' dir='ltr'><strong>justitiariis</strong></span> <span class='ocrx_word' id='word_1_92' title='bbox 1211 2544 1339 2607; x_wconf 89' lang='lat' dir='ltr'><strong>nostris</strong></span> <span class='ocrx_word' id='word_1_93' title='bbox 1355 2543 1398 2607; x_wconf 91' lang='lat' dir='ltr'><strong>de</strong></span> 
     </span>
     <span class='ocr_line' id='line_1_19' title="bbox 718 2643 1398 2726; baseline -0.001 -20"><span class='ocrx_word' id='word_1_94' title='bbox 718 2643 847 2708; x_wconf 87' lang='lat' dir='ltr'><strong>foresta</strong></span> <span class='ocrx_word' id='word_1_95' title='bbox 878 2664 940 2726; x_wconf 88' lang='lat' dir='ltr'><strong>per</strong></span> <span class='ocrx_word' id='word_1_96' title='bbox 974 2662 1171 2707; x_wconf 87' lang='lat' dir='ltr'><strong>communes</strong></span> <span class='ocrx_word' id='word_1_97' title='bbox 1211 2643 1398 2707; x_wconf 90' lang='lat' dir='ltr'><strong>summoni-</strong></span> 
     </span>
     <span class='ocr_line' id='line_1_20' title="bbox 719 2742 1399 2826; baseline -0.003 -19"><span class='ocrx_word' id='word_1_98' title='bbox 719 2745 842 2822; x_wconf 80' lang='lat' dir='ltr'><strong>tioneS,</strong></span> <span class='ocrx_word' id='word_1_99' title='bbox 859 2744 925 2807; x_wconf 90' lang='lat' dir='ltr'><strong>nisi</strong></span> <span class='ocrx_word' id='word_1_100' title='bbox 942 2743 1065 2807; x_wconf 91' lang='lat' dir='ltr'><strong>sintin</strong></span> <span class='ocrx_word' id='word_1_101' title='bbox 1087 2742 1229 2826; x_wconf 90' lang='lat' dir='ltr'><strong>placito,</strong></span> <span class='ocrx_word' id='word_1_102' title='bbox 1249 2742 1305 2807; x_wconf 88' lang='lat' dir='ltr'><strong>vel</strong></span> <span class='ocrx_word' id='word_1_103' title='bbox 1325 2743 1399 2826; x_wconf 87' lang='lat' dir='ltr'><strong>plc-</strong></span> 
     </span>
     <span class='ocr_line' id='line_1_21' title="bbox 719 2843 1400 2928; baseline 0.003 -22"><span class='ocrx_word' id='word_1_104' title='bbox 719 2845 767 2926; x_wconf 84' lang='lat' dir='ltr'><strong>gii</strong></span> <span class='ocrx_word' id='word_1_105' title='bbox 794 2843 941 2928; x_wconf 88' lang='lat' dir='ltr'><strong>alicujus</strong></span> <span class='ocrx_word' id='word_1_106' title='bbox 968 2844 1024 2908; x_wconf 89' lang='lat' dir='ltr'><strong>vel</strong></span> <span class='ocrx_word' id='word_1_107' title='bbox 1050 2843 1242 2925; x_wconf 88' lang='lat' dir='ltr'><strong>aliquorum</strong></span> <span class='ocrx_word' id='word_1_108' title='bbox 1263 2843 1324 2925; x_wconf 91' lang='lat' dir='ltr'><strong>qui</strong></span> <span class='ocrx_word' id='word_1_109' title='bbox 1347 2854 1400 2908; x_wconf 85' lang='lat' dir='ltr'><strong>at-</strong></span> 
     </span>
     <span class='ocr_line' id='line_1_22' title="bbox 720 2941 1398 3025; baseline 0.001 -20"><span class='ocrx_word' id='word_1_110' title='bbox 720 2942 864 3006; x_wconf 87' lang='lat' dir='ltr'><strong>tachiati</strong></span> <span class='ocrx_word' id='word_1_111' title='bbox 911 2950 992 3006; x_wconf 93' lang='lat' dir='ltr'><strong>sunt</strong></span> <span class='ocrx_word' id='word_1_112' title='bbox 1040 2949 1182 3025; x_wconf 87' lang='lat' dir='ltr'><strong>propter</strong></span> <span class='ocrx_word' id='word_1_113' title='bbox 1224 2941 1398 3006; x_wconf 81' lang='lat' dir='ltr'><strong>forestam.</strong></span> 
     </span>
     <span class='ocr_line' id='line_1_23' title="bbox 721 3041 1400 3125; baseline 0.003 -21"><span class='ocrx_word' id='word_1_114' title='bbox 721 3041 850 3104; x_wconf 89' lang='lat' dir='ltr'><strong>Omnes</strong></span> <span class='ocrx_word' id='word_1_115' title='bbox 884 3049 1000 3105; x_wconf 89' lang='lat' dir='ltr'><strong>autem</strong></span> <span class='ocrx_word' id='word_1_116' title='bbox 1032 3042 1153 3125; x_wconf 63' lang='lat' dir='ltr'><strong>bosci„</strong></span> <span class='ocrx_word' id='word_1_117' title='bbox 1168 3042 1228 3125; x_wconf 94' lang='lat' dir='ltr'><strong>qui</strong></span> <span class='ocrx_word' id='word_1_118' title='bbox 1259 3041 1400 3106; x_wconf 89' lang='lat' dir='ltr'><strong>fuerunt</strong></span> 
     </span>
     <span class='ocr_line' id='line_1_24' title="bbox 719 3140 1399 3223; baseline 0.003 -20"><span class='ocrx_word' id='word_1_119' title='bbox 719 3140 909 3204; x_wconf 86' lang='lat' dir='ltr'><strong>afforestati</strong></span> <span class='ocrx_word' id='word_1_120' title='bbox 940 3161 1002 3223; x_wconf 90' lang='lat' dir='ltr'><strong>per</strong></span> <span class='ocrx_word' id='word_1_121' title='bbox 1034 3161 1148 3223; x_wconf 83' lang='lat' dir='ltr'><strong>regem</strong></span> <span class='ocrx_word' id='word_1_122' title='bbox 1185 3140 1399 3205; x_wconf 86' lang='lat' dir='ltr'><strong>Richardum</strong></span> 
     </span>
     <span class='ocr_line' id='line_1_25' title="bbox 718 3240 1400 3314; baseline 0.003 -11"><span class='ocrx_word' id='word_1_123' title='bbox 718 3240 859 3304; x_wconf 86' lang='lat' dir='ltr'><strong>fratrem</strong></span> <span class='ocrx_word' id='word_1_124' title='bbox 883 3248 1052 3314; x_wconf 83' lang='lat' dir='ltr'><strong>nostrum,</strong></span> <span class='ocrx_word' id='word_1_125' title='bbox 1072 3241 1190 3304; x_wconf 89' lang='lat' dir='ltr'><strong>statim</strong></span> <span class='ocrx_word' id='word_1_126' title='bbox 1211 3240 1400 3305; x_wconf 86' lang='lat' dir='ltr'><strong>deafforcs·</strong></span> 
     </span>
     <span class='ocr_line' id='line_1_26' title="bbox 718 3339 1400 3418; baseline 0.001 -15"><span class='ocrx_word' id='word_1_127' title='bbox 718 3348 846 3418; x_wconf 85' lang='lat' dir='ltr'><strong>tentor,</strong></span> <span class='ocrx_word' id='word_1_128' title='bbox 872 3341 939 3404; x_wconf 93' lang='lat' dir='ltr'><strong>nisi</strong></span> <span class='ocrx_word' id='word_1_129' title='bbox 965 3341 1093 3404; x_wconf 86' lang='lat' dir='ltr'><strong>fuerint</strong></span> <span class='ocrx_word' id='word_1_130' title='bbox 1116 3339 1279 3403; x_wconf 92' lang='lat' dir='ltr'><strong>dominici</strong></span> <span class='ocrx_word' id='word_1_131' title='bbox 1301 3341 1400 3405; x_wconf 91' lang='lat' dir='ltr'><strong>bosci</strong></span> 
     </span>
     <span class='ocr_line' id='line_1_27' title="bbox 718 3440 840 3505; baseline 0.008 -2"><span class='ocrx_word' id='word_1_132' title='bbox 718 3440 840 3505; x_wconf 86' lang='lat' dir='ltr'><strong>nostri.</strong></span> 
     </span>
    </p>
   </div>
   <div class='ocr_carea' id='block_1_6' title="bbox 298 3557 1058 3648">
    <p class='ocr_par' dir='ltr' id='par_1_6' title="bbox 298 3557 1058 3648">
     <span class='ocr_line' id='line_1_28' title="bbox 298 3557 1058 3648; baseline -0.001 -21"><span class='ocrx_word' id='word_1_133' title='bbox 298 3605 348 3616; x_wconf 91' lang='lat'><em>-</em></span> <span class='ocrx_word' id='word_1_134' title='bbox 393 3557 446 3638; x_wconf 83' lang='lat'><strong>37,</strong></span> <span class='ocrx_word' id='word_1_135' title='bbox 463 3563 623 3648; x_wconf 78' lang='lat' dir='ltr'><strong>antiquom</strong></span> <span class='ocrx_word' id='word_1_136' title='bbox 697 3563 849 3646; x_wconf 88' lang='lat' dir='ltr'><strong>aliquam</strong></span> <span class='ocrx_word' id='word_1_137' title='bbox 867 3566 1058 3648; x_wconf 89' lang='lat' dir='ltr'><strong>antiquam.</strong></span> 
     </span>
    </p>
   </div>
   <div class='ocr_carea' id='block_1_7' title="bbox 300 3685 891 3849">
    <p class='ocr_par' dir='ltr' id='par_1_7' title="bbox 300 3685 891 3849">
     <span class='ocr_line' id='line_1_29' title="bbox 300 3685 891 3771; baseline -0.002 -20"><span class='ocrx_word' id='word_1_138' title='bbox 300 3690 373 3764; x_wconf 87' lang='lat'>310,</span> <span class='ocrx_word' id='word_1_139' title='bbox 394 3690 444 3762; x_wconf 87' lang='lat'><strong>18,</strong></span> <span class='ocrx_word' id='word_1_140' title='bbox 461 3688 582 3771; x_wconf 71' lang='lat' dir='ltr'><strong>siquod</strong></span> <span class='ocrx_word' id='word_1_141' title='bbox 595 3734 604 3750; x_wconf 84' lang='lat'><strong>.</strong></span> <span class='ocrx_word' id='word_1_142' title='bbox 618 3735 648 3750; x_wconf 88' lang='grc'><strong>..</strong></span> <span class='ocrx_word' id='word_1_143' title='bbox 696 3685 803 3749; x_wconf 69' lang='lat' dir='ltr'><strong>dmwot</strong></span> <span class='ocrx_word' id='word_1_144' title='bbox 818 3708 839 3749; x_wconf 81' lang='lat' dir='ltr'><strong>a</strong></span> <span class='ocrx_word' id='word_1_145' title='bbox 856 3688 891 3750; x_wconf 80' lang='lat'><strong>0.</strong></span> 
     </span>
     <span class='ocr_line' id='line_1_30' title="bbox 461 3785 648 3849; baseline 0 -1"><span class='ocrx_word' id='word_1_146' title='bbox 461 3785 498 3849; x_wconf 80' lang='lat' dir='ltr'><strong>dc</strong></span> <span class='ocrx_word' id='word_1_147' title='bbox 512 3786 580 3848; x_wconf 77' lang='lat' dir='ltr'><strong>cisa</strong></span> <span class='ocrx_word' id='word_1_148' title='bbox 595 3807 648 3848; x_wconf 81' lang='lat' dir='ltr'><strong>suo</strong></span> 
     </span>
    </p>
   </div>
   <div class='ocr_carea' id='block_1_8' title="bbox 457 3884 606 3966">
    <p class='ocr_par' dir='ltr' id='par_1_8' title="bbox 457 3884 606 3966">
     <span class='ocr_line' id='line_1_31' title="bbox 457 3884 606 3966; baseline 0.007 -21"><span class='ocrx_word' id='word_1_149' title='bbox 457 3884 606 3966; x_wconf 78' lang='lat' dir='ltr'><strong>faciendo</strong></span> 
     </span>
    </p>
   </div>
   <div class='ocr_carea' id='block_1_9' title="bbox 297 4002 1402 4370">
    <p class='ocr_par' dir='ltr' id='par_1_9' title="bbox 297 4002 1402 4370">
     <span class='ocr_line' id='line_1_32' title="bbox 297 4002 1401 4089; baseline 0.002 -19"><span class='ocrx_word' id='word_1_150' title='bbox 297 4047 347 4059; x_wconf 82' lang='lat'><em>-</em></span> <span class='ocrx_word' id='word_1_151' title='bbox 392 4008 445 4082; x_wconf 77' lang='lat'><strong>32,</strong></span> <span class='ocrx_word' id='word_1_152' title='bbox 462 4007 517 4070; x_wconf 79' lang='lat' dir='ltr'><strong>coi</strong></span> <span class='ocrx_word' id='word_1_153' title='bbox 533 4007 631 4071; x_wconf 78' lang='lat' dir='ltr'><strong>nostri</strong></span> <span class='ocrx_word' id='word_1_154' title='bbox 696 4002 753 4067; x_wconf 90' lang='lat' dir='ltr'><strong>avi</strong></span> <span class='ocrx_word' id='word_1_155' title='bbox 780 4006 912 4084; x_wconf 82' lang='lat' dir='ltr'><strong>nostri3</strong></span> <span class='ocrx_word' id='word_1_156' title='bbox 938 4013 973 4070; x_wconf 92' lang='lat' dir='ltr'><strong>et</strong></span> <span class='ocrx_word' id='word_1_157' title='bbox 997 4007 1090 4089; x_wconf 93' lang='lat' dir='ltr'><strong>quod</strong></span> <span class='ocrx_word' id='word_1_158' title='bbox 1117 4008 1307 4073; x_wconf 85' lang='lat' dir='ltr'><strong>vicecomes</strong></span> <span class='ocrx_word' id='word_1_159' title='bbox 1331 4030 1401 4074; x_wconf 92' lang='lat' dir='ltr'><strong>non</strong></span> 
     </span>
     <span class='ocr_line' id='line_1_33' title="bbox 717 4107 1402 4191; baseline 0.007 -23"><span class='ocrx_word' id='word_1_160' title='bbox 717 4112 853 4186; x_wconf 85' lang='lat' dir='ltr'><strong>quaerat</strong></span> <span class='ocrx_word' id='word_1_161' title='bbox 880 4107 1092 4185; x_wconf 87' lang='lat' dir='ltr'><strong>occasiones,</strong></span> <span class='ocrx_word' id='word_1_162' title='bbox 1123 4116 1158 4172; x_wconf 85' lang='lat' dir='ltr'><strong>et</strong></span> <span class='ocrx_word' id='word_1_163' title='bbox 1189 4108 1281 4191; x_wconf 91' lang='lat' dir='ltr'><strong>quod</strong></span> <span class='ocrx_word' id='word_1_164' title='bbox 1322 4130 1402 4173; x_wconf 92' lang='lat' dir='ltr'><strong>con-</strong></span> 
     </span>
     <span class='ocr_line' id='line_1_34' title="bbox 718 4206 1402 4290; baseline 0.004 -22"><span class='ocrx_word' id='word_1_165' title='bbox 718 4211 834 4270; x_wconf 88' lang='lat' dir='ltr'><strong>tentus</strong></span> <span class='ocrx_word' id='word_1_166' title='bbox 867 4207 913 4270; x_wconf 87' lang='lat' dir='ltr'><strong>sit</strong></span> <span class='ocrx_word' id='word_1_167' title='bbox 937 4206 980 4270; x_wconf 87' lang='lat' dir='ltr'><strong>de</strong></span> <span class='ocrx_word' id='word_1_168' title='bbox 1014 4226 1054 4269; x_wconf 89' lang='lat' dir='ltr'><strong>ec</strong></span> <span class='ocrx_word' id='word_1_169' title='bbox 1088 4208 1180 4290; x_wconf 92' lang='lat' dir='ltr'><strong>quod</strong></span> <span class='ocrx_word' id='word_1_170' title='bbox 1210 4208 1402 4272; x_wconf 89' lang='lat' dir='ltr'><strong>vicecomes</strong></span> 
     </span>
     <span class='ocr_line' id='line_1_35' title="bbox 716 4302 1053 4370; baseline 0.009 -5"><span class='ocrx_word' id='word_1_171' title='bbox 716 4302 843 4369; x_wconf 85' lang='lat' dir='ltr'><strong>habere</strong></span> <span class='ocrx_word' id='word_1_172' title='bbox 861 4307 1053 4370; x_wconf 88' lang='lat' dir='ltr'><strong>consuevit.</strong></span> 
     </span>
    </p>
   </div>
   <div class='ocr_carea' id='block_1_10' title="bbox 297 4423 783 4626">
    <p class='ocr_par' dir='ltr' id='par_1_10' title="bbox 297 4423 783 4626">
     <span class='ocr_line' id='line_1_36' title="bbox 299 4423 782 4500; baseline -0.002 -12"><span class='ocrx_word' id='word_1_173' title='bbox 299 4427 372 4500; x_wconf 87' lang='lat'>311,</span> <span class='ocrx_word' id='word_1_174' title='bbox 390 4428 624 4500; x_wconf 80' lang='lat' dir='ltr'><strong>15,oostrorum</strong></span> <span class='ocrx_word' id='word_1_175' title='bbox 694 4423 782 4487; x_wconf 71' lang='lat' dir='ltr'><strong>dccci.</strong></span> 
     </span>
     <span class='ocr_line' id='line_1_37' title="bbox 297 4549 783 4626; baseline -0.004 -14"><span class='ocrx_word' id='word_1_176' title='bbox 297 4551 371 4624; x_wconf 83' lang='grc'><strong>313,</strong></span> <span class='ocrx_word' id='word_1_177' title='bbox 410 4551 439 4626; x_wconf 89' lang='lat'><strong>3,</strong></span> <span class='ocrx_word' id='word_1_178' title='bbox 456 4559 571 4611; x_wconf 78' lang='lat' dir='ltr'><strong>nostros</strong></span> <span class='ocrx_word' id='word_1_179' title='bbox 694 4549 783 4612; x_wconf 71' lang='lat' dir='ltr'><strong>dent.</strong></span> 
     </span>
    </p>
   </div>
   <div class='ocr_carea' id='block_1_11' title="bbox 0 0 1702 5625">
    <p class='ocr_par' dir='ltr' id='par_1_11' title="bbox 0 0 1702 5625">
     <span class='ocr_line' id='line_1_38' title="bbox 0 0 1702 5625; baseline 0 0"><span class='ocrx_word' id='word_1_180' title='bbox 0 0 1702 5625; x_wconf 95' lang='lat' dir='ltr'><strong> </strong></span> 
     </span>
    </p>
   </div>
  </div>
 </body>
</html>
