3384 5625
662 786 864 836 cucrronns
890 788 1025 836 vnnrn.
1331 774 1397 839 317

339 991 400 1036 nes
418 971 460 1034 de
477 968 512 1033 S.
523 968 661 1033 Albano
678 970 856 1047 oriunduS‚
873 970 1058 1053 aliquando
1075 971 1226 1036 decanus
1239 972 1393 1036 ccclesiae

340 1072 376 1135 S.
393 1069 566 1149 Quintini,
589 1076 711 1151 postea
733 1070 968 1134 thesaurarius
989 1071 1142 1136 ccclesiae
1158 1071 1392 1136 Sarisburien·

340 1172 400 1247 sis,
418 1177 454 1233 et
470 1169 531 1232 alii
548 1168 613 1233 viri
628 1169 768 1233 discreti
784 1189 826 1233 ac
841 1171 963 1234 sancti.

302 1295 360 1332 PAO.
388 1294 442 1330 uu.

294 1359 367 1433 331,
385 1359 438 1432 18,
447 1362 593 1439 portaret
692 1353 842 1417 veheret.

294 1482 369 1556 332,
408 1480 440 1552 2,
456 1476 545 1540 nonni
692 1479 784 1543 addit
802 1477 928 1555 Paris,
943 1497 1021 1542 cum
1039 1478 1274 1561 compagibus.

293 1645 344 1657 ..
410 1597 440 1677 7,
450 1606 628 1684 nouolutum
693 1602 786 1666 addit
804 1601 929 1678 Paris,

709 1725 830 1789 Fornoo
844 1724 996 1790 electionis
1011 1722 1130 1788 obbatis
1146 1726 1247 1790 cuncti
1262 1724 1383 1791 Attene·

878 1824 924 1889 od
932 1844 1055 1908 popone
1070 1824 1217 1889 mittitur.

747 1948 835 2012 Cum
853 1947 928 2011 haec
945 1967 1023 2011 cum
1038 1954 1192 2031 tempore
1215 1948 1395 2014 evolvente

717 2048 945 2123 elaberentur,
977 2047 1089 2110 nuntii
1124 2048 1224 2113 electi
1253 2055 1289 2111 et
1319 2068 1396 2112 con-

719 2153 843 2211 ventus
857 2146 1011 2210 ecclcsiae
1032 2149 1144 2211 sancti
1166 2146 1306 2225 Albani,
1330 2147 1397 2211 duo

719 2246 892 2322 monachi,
927 2245 1059 2310 scilicet
1095 2247 1262 2329 magister
1293 2246 1398 2329 Regi-

720 2345 844 2409 naldus
868 2344 1039 2427 Physicus
1061 2352 1096 2410 ct
1110 2345 1268 2409 domiuus
1292 2345 1400 2410 Nico-

720 2445 796 2508 laus
813 2445 856 2508 de
874 2451 994 2508 sancto
1011 2442 1159 2521 Albano,
1182 2446 1283 2509 ambo
1304 2464 1402 2528 pres·

720 2544 844 2626 hyteri,
860 2544 926 2607 viri
945 2545 1131 2625 prudentes
1155 2552 1190 2608 et
1207 2545 1401 2627 compositi,

721 2662 799 2706 cum
829 2642 901 2705 suis
928 2642 1071 2718 clericis,
1099 2637 1282 2725 ¹magistro
1315 2642 1401 2722 Gal,-

722 2741 810 2806 frido
827 2742 870 2804 de
888 2741 1076 2824 Langeleia
1097 2747 1132 2805 et
1149 2741 1307 2805 Galsrido
1330 2743 1399 2807 Fo-

721 2842 816 2906 cario
841 2842 1024 2918 serviente,
1056 2849 1091 2905 et
1120 2843 1208 2919 aliis,
1234 2841 1400 2907 habentes

721 2942 841 3004 literas
855 2947 1043 3005 conventus
1055 2943 1323 3023 procuratorias,
1331 2943 1399 3006 iter

724 3040 943 3122 arripucrunt
967 3059 1087 3104 versus
1115 3040 1246 3105 curiam
1273 3040 1401 3106 Roma-

724 3159 804 3201 nam
834 3140 870 3201 in
905 3140 1037 3204 octavis
1080 3139 1239 3219 Paschae,
1273 3141 1404 3206 scilicet

725 3238 857 3301 decimo
873 3239 1020 3321 septimo
1036 3239 1197 3303 calendas
1213 3240 1312 3315 Maii,
1329 3261 1405 3323 pre·

724 3338 820 3400 cibus
837 3339 988 3401 omnium
1002 3337 1147 3401 fratrum
1163 3339 1404 3404 commendati.

725 3435 795 3498 Hae
826 3442 942 3499 autem
976 3435 1115 3500 suerunt
1144 3439 1404 3520 procurationes

724 3552 810 3616 quas
827 3553 944 3598 secum
962 3534 1181 3615 detulerunt3
1205 3538 1402 3603 ‘Reveren-

722 3633 863 3697 dissimo
882 3634 1020 3698 domino
1045 3640 1081 3697 et
1099 3635 1191 3716 patri
1211 3636 1248 3698 in
1265 3635 1404 3700 Christo

724 3732 902 3798 carissimo
914 3732 1097 3814 Gregorio,
1107 3734 1175 3797 Dei
1187 3735 1300 3816 gratia
1315 3755 1405 3798 sum·

724 3833 962 3914 mopontifici,
978 3832 1093 3898 devoti
1111 3833 1172 3896 filii
1185 3834 1251 3911 sui,
1265 3835 1358 3918 prior
1371 3841 1406 3899 et

724 3938 915 3994 conventus
930 3933 1041 3995 sancti
1058 3930 1198 4009 Albani,
1216 3940 1287 3996 tam
1302 3934 1406 3998 devo·
1503 3940 1507 3950 '

725 4035 796 4091 tam
813 4047 917 4108 quam
934 4029 1084 4092 debitam
1102 4049 1179 4093 cum
1201 4031 1325 4112 pedum
1348 4051 1406 4095 os·

725 4127 802 4190 culo
822 4128 1060 4191 reverentiam.
1113 4128 1261 4194 Noverit
1281 4130 1406 4194 sancti·

726 4232 781 4290 tas
799 4233 927 4303 vestra,
943 4226 1035 4310 quod
1053 4247 1115 4290 nos
1132 4228 1255 4293 fratres
1271 4236 1407 4294 nostros

726 4331 761 4389 et
784 4326 969 4390 monachos
992 4325 1224 4406 Reginaldum
1247 4336 1282 4393 et
1302 4328 1407 4394 Nico-

727 4423 967 4502 laum,latores
979 4427 1210 4506 praesentium,
1218 4429 1409 4493 cumliteris

611 4573 620 4604 ¹
632 4575 774 4636 Magistro.
785 4610 792 4624 .
802 4610 809 4624 .
819 4579 844 4624 et
855 4571 936 4642 aliia]
955 4576 1051 4624 Desunt
1061 4591 1075 4623 u
1089 4577 1118 4624 C.
