3384 5625
670 761 869 808 nncrronns
893 761 1024 808 vnn1n.
1335 749 1399 810 145

342 944 668 1025 papatemerarium
693 943 735 1007 de
753 943 887 1025 capella
904 944 1118 1025 propositum
1134 943 1393 1027 archiepiscopi,

341 1042 384 1105 de
399 1061 468 1124 quo
481 1042 717 1125 supradictum
733 1050 798 1119 est,
815 1042 971 1106 modeste
988 1042 1209 1106 refraenavit’

293 1171 369 1308 lig,
386 1172 650 1321 {limaeam
693 1236 826 1298 Brause
843 1235 1122 1311 Wannunubem‚
1139 1254 1237 1317 quos,

458 1334 642 1399 Wenrrnweo

288 1496 342 1508 -
386 1458 440 1532 33,
455 1459 604 1522 commisit
694 1456 742 1519 Oa.
772 1457 840 1519 and
869 1456 910 1519 Id.
934 1454 1013 1532 add,
1038 1454 1275 1537 ‘Congregati
1310 1465 1391 1519 sunt

711 1574 829 1619 omnes
852 1555 923 1619 sere
938 1554 1133 1620 wallenses
1148 1555 1287 1620 Walliae
1309 1575 1391 1619 con·

706 1655 866 1737 jurantes
910 1655 954 1717 ad
1002 1654 1147 1717 invicem
1191 1662 1391 1718 constanter

710 1761 803 1817 stare
827 1753 991 1835 quamdiu
1024 1754 1098 1817 vita
1129 1752 1165 1814 in
1191 1754 1390 1834 pectoribus

709 1853 896 1936 palpitaret
910 1871 973 1934 pro
990 1870 1096 1915 causa
1107 1871 1224 1915 eorum
1238 1860 1274 1915 et
1288 1860 1389 1916 terrae

709 1971 782 2016 suae
804 1951 1022 2015 libertatibus
1047 1957 1170 2015 contra
1195 1949 1388 2032 Anglorum

708 2051 980 2133 protervitatem.
1025 2050 1160 2114 Etcum
1178 2059 1299 2114 contra
1314 2049 1388 2115 An-

708 2150 843 2230 glorum
865 2150 1054 2213 exercitum
1072 2150 1311 2213 densissimum
1334 2170 1390 2214 co·

707 2268 781 2311 ram
792 2250 827 2310 in
839 2248 954 2312 fronte
967 2249 1237 2325 constituissent,
1247 2247 1388 2314 advenit

707 2366 784 2410 cum
801 2348 874 2411 suis
890 2348 1029 2411 aciebus
1047 2347 1188 2411 militari
1205 2347 1387 2429 disciplina

706 2446 873 2510 ordinatis
901 2447 976 2528 ipse
1009 2446 1134 2509 Petrus
1157 2447 1385 2530 justiciarius

706 2546 766 2628 qui
789 2553 866 2609 erat
886 2546 984 2608 miles
1007 2552 1168 2609 strenuus
1186 2554 1222 2609 et
1241 2546 1386 2609 circum·

706 2651 858 2727 spectus,
871 2651 991 2707 contra
1004 2662 1064 2706 eos
1081 2643 1305 2706 dimicaturus
1318 2665 1327 2722 3
1352 2653 1386 2708 et

708 2762 783 2806 cum
803 2742 964 2805 alacriter
987 2760 1068 2805 suas
1090 2742 1182 2805 acies
1199 2742 1385 2806 animando

707 2843 936 2925 persuasisset
973 2848 1028 2905 ut·
1045 2840 1170 2923 aliquis
1208 2842 1384 2906 animosus

706 2943 845 3026 praeiret
860 2941 1065 3006 densitatem
1082 2941 1249 3004 initialem
1266 2941 1385 3006 adver-

706 3043 816 3106 santis
850 3041 1022 3105 exercitus
1057 3040 1299 3122 dissipaturus,
1331 3062 1384 3105 re-

705 3140 845 3224 spondit
857 3140 995 3222 quidam
1011 3138 1053 3202 de
1069 3140 1298 3204 servientibus
1312 3142 1384 3204 suis

706 3241 843 3303 nomine
860 3239 1038 3303 Walterus
1055 3239 1098 3301 de
1115 3237 1242 3313 Hame,
1258 3240 1383 3303 Trum-

704 3337 850 3419 pintona
865 3336 1042 3413 oriundus,
1051 3337 1168 3400 dicens
1184 3339 1299 3419 palam
1306 3339 1383 3420 jus·

706 3437 840 3500 ticiario
864 3444 899 3499 et
915 3436 987 3499 suis
1010 3435 1227 3518 primatibus,
1247 3435 1382 3512 ‘Absit,

704 3535 853 3611 domine,
869 3541 908 3597 ut
929 3534 1054 3615 aliquis
1075 3533 1201 3597 nobilis
1223 3540 1257 3596 et
1276 3533 1381 3597 famo·

705 3654 764 3697 sus
786 3634 884 3697 miles
901 3642 1024 3716 sponte
1042 3633 1216 3714 periturus
1233 3640 1303 3695 tam
1322 3652 1382 3696 an-

705 3735 802 3816 cipiti
823 3753 860 3797 se
886 3741 1060 3816 supponat
1086 3732 1251 3814 periculo,
1272 3751 1383 3814 neque

705 3832 803 3897 decet
816 3840 878 3896 aut
893 3833 1034 3914 expedit
1047 3839 1085 3895 ut
1097 3832 1223 3914 aliquis
1237 3851 1382 3913 magnus

705 3933 786 3996 vitae
808 3951 881 3995 suae
903 3931 1069 4014 prodigus
1086 3931 1238 4007 existat;
1263 3931 1323 3994 sed
1340 3931 1382 3995 de

703 4049 758 4092 me
768 4037 884 4093 vestro
898 4048 1049 4111 paupere
1063 4030 1235 4093 serviente
1250 4036 1383 4092 nonest

702 4146 867 4207 magnum
896 4127 1058 4189 damnum
1087 4127 1117 4188 si
1147 4143 1297 4206 peream,
1319 4147 1383 4190 nee

704 4226 849 4287 multum
881 4223 1088 4288 exultabunt
1120 4224 1162 4286 de
1194 4243 1276 4286 casu
1305 4245 1382 4288 meo

702 4323 855 4387 inimici.'
907 4323 953 4386 Et
965 4324 1030 4387 hoc
1043 4323 1135 4386 dicto
1153 4342 1222 4386 non
1237 4343 1381 4406 exspec-

702 4431 780 4487 tans
802 4441 1016 4504 responsum,
1039 4440 1177 4505 equum,
1199 4441 1299 4504 quem
1324 4423 1381 4488 ha-

702 4524 776 4586 buit
814 4523 1046 4604 praeelectum,
1087 4530 1233 4602 utroque
1273 4520 1380 4586 latere

1210 4638 1231 4681 n
