3384 5625
292 772 359 838 324
659 786 858 835 nrcrrourrs
881 787 1013 837 viarm.

297 913 370 1051 ἔὲοθ,
394 913 447 1051 rign
454 971 575 1059 paene
692 974 904 1037 ornamentis
919 972 1036 1038 variis.

295 1138 347 1152 -
411 1100 443 1176 9,
463 1094 647 1180 Hirpcciois
694 1095 854 1179 pretiosis
872 1096 915 1160 ad
933 1095 1041 1177 agiles
1061 1114 1182 1160 cursus
1202 1085 1394 1160 calcaribus

465 1193 648 1259 ...arcade
716 1195 978 1259 admoventibus
1010 1196 1226 1271 coercebant,
1251 1195 1331 1257 dum
1359 1201 1394 1257 et

457 1305 647 1379 urmcsspcc·
715 1313 844 1358 cennas
867 1301 902 1358 et
922 1293 1054 1371 hastas,
1072 1313 1157 1376 quas
1179 1294 1335 1358 ferebant
1359 1293 1395 1355 in

463 1404 533 1458 taes
716 1393 887 1469 manibus
914 1394 950 1455 iu
979 1393 1196 1469 alterutrum,
1229 1392 1329 1474 quasi
1359 1392 1396 1454 in

716 1491 913 1567 hastiludio,
932 1491 1183 1573 confregerunt.
1235 1490 1396 1555 Advene-

717 1597 798 1655 runt
820 1591 925 1655 etiam
950 1611 1011 1673 per
1035 1590 1274 1672 excogitatum·
1298 1591 1396 1670 inge-

718 1692 812 1754 nium
836 1709 943 1755 naves
972 1690 1072 1771 quasi
1098 1690 1305 1770 remigantes
1334 1708 1407 1773 per

719 1789 862 1867 aridam,
887 1790 984 1871 equis
1007 1788 1216 1852 absconditis
1238 1797 1272 1851 et
1294 1787 1395 1851 tectis

719 1889 837 1952 sericis
867 1888 1089 1970 coopertoriis
1120 1887 1197 1951 illas
1229 1885 1396 1955 trahenti-

720 1990 807 2066 bus3
831 1988 867 2050 in
882 1989 1005 2069 quibus
1020 1988 1166 2051 navibus
1183 1985 1297 2049 clerici
1315 2005 1396 2047 sua·

720 2087 811 2150 viter
822 2085 1052 2161 modulantes,
1065 2106 1143 2149 cum
1157 2085 1295 2166 organis
1311 2086 1398 2147 bene

721 2186 936 2260 sonantibus,
970 2184 1188 2248 audientibus
1224 2184 1398 2247 inauditas

720 2304 798 2347 cum
810 2291 951 2366 stupore
960 2283 1113 2348 fecerunt
1123 2283 1299 2347 melodias.
1324 2280 1400 2363 Ap-

721 2383 885 2464 propians
926 2384 1033 2463 igitur
1071 2383 1204 2447 civitati
1243 2381 1397 2446 Coloniae

721 2482 925 2564 imperatrix
938 2482 1066 2545 talibus
1079 2482 1220 2545 intravit
1234 2481 1399 2543 comitata

723 2580 893 2663 tripudiis,
911 2587 951 2644 ut
966 2588 1041 2645 tota
1058 2581 1118 2645 illa
1135 2580 1258 2644 nobilis
1276 2579 1401 2643 civitas

723 2680 850 2760 gaudio
863 2680 1037 2745 videretur·
1055 2681 1255 2744 redundare.
1308 2678 1400 2741 Con-

721 2779 897 2844 duxerunt
912 2780 1016 2844 etiam
1033 2798 1108 2844 eam
1129 2779 1233 2842 duces
1249 2777 1323 2862 ejus
1339 2797 1401 2859 per

723 2879 930 2960 principales
945 2878 1079 2961 plateas
1096 2879 1258 2953 civitatis,
1279 2884 1400 2941 contra

721 2978 830 3058 ipsius
858 2978 1056 3054 adventum,
1079 2985 1151 3041 tum
1177 2985 1317 3058 propter
1340 2996 1403 3039 no-

722 3076 842 3138 bilium
873 3073 1066 3157 Anglorum
1096 3075 1294 3154 adventum,
1326 3082 1400 3137 tum

722 3182 763 3237 ut
787 3175 837 3238 sic
860 3175 973 3255 gratia
989 3175 1206 3257 imperatoris
1220 3176 1401 3255 aspiraret,

722 3273 957 3355 multipliciter
981 3274 1176 3338 adornatas.
1229 3273 1295 3336 Sed
1321 3292 1401 3335 cum

721 3391 890 3453 generosa
936 3374 1138 3454 imperatrix
1183 3372 1403 3454 cognovisset

723 3471 813 3552 quod
841 3491 971 3549 omnes,
1002 3480 1037 3536 et
1064 3474 1236 3554 praecipue
1268 3470 1400 3534 nobiles

720 3578 888 3634 matronae
906 3570 1139 3647 colonienses,
1157 3591 1235 3654 quae
1256 3572 1291 3632 in
1312 3570 1402 3633 sola·

721 3669 781 3731 riis
796 3669 954 3733 sedentes
968 3678 1002 3734 et
1013 3670 1228 3750 glomeratim
1243 3671 1278 3731 in
1292 3670 1403 3732 diver-

722 3766 836 3828 ticulis
847 3769 1001 3828 vicorum
1015 3768 1268 3840 convenientes,
1278 3767 1403 3830 faciem

722 3862 798 3946 ejus
838 3863 954 3927 videre
994 3855 1189 3947 cupiebant,
1230 3864 1402 3945 capellum

722 3981 821 4026 suum
836 3982 880 4027 ex
903 3964 1016 4046 capite
1035 3983 1111 4027 cum
1134 3965 1236 4046 peplo
1252 3964 1401 4041 demisit,

723 4069 762 4127 ut
775 4062 927 4127 universi
944 4062 1088 4127 liberum
1102 4065 1139 4127 in
1153 4064 1262 4146 ipsius
1280 4083 1403 4127 serena

721 4162 808 4225 facie
823 4169 999 4244 aspectum
1014 4162 1179 4226 habentes
1193 4162 1310 4225 oculos
1322 4181 1402 4225 cum

721 4269 862 4344 stupore
890 4268 1106 4340 recrearent;
1140 4261 1175 4323 in
1208 4281 1275 4342 quo
1308 4262 1402 4325 facto
1435 4254 1437 4256 ’

720 4361 871 4423 omnium
882 4362 1088 4424 intuentium
1104 4360 1237 4422 animos
1246 4360 1280 4421 in
1290 4360 1401 4442 ipsius

719 4458 936 4522 dilectionem
954 4461 1039 4523 adeo
1060 4460 1250 4536 inclinavit,
1269 4468 1306 4522 ut
1324 4460 1401 4522 uni-

719 4559 812 4620 versi
831 4565 866 4621 et
885 4559 1024 4639 singuli,
1047 4557 1226 4622 laudantes
1249 4565 1283 4621 et
1298 4558 1403 4621 bene-
