3384 5625
657 772 858 820 nncrrouns
882 773 1015 821 viarm.
1320 758 1386 823 251

337 964 587 1039 Romanorum,
597 980 676 1025 ecce
693 960 810 1043 laquei
826 961 1196 1045 praelatorum,quibus
1206 961 1386 1026 universos

336 1071 372 1127 et
396 1061 552 1143 singulos
580 1068 740 1142 quaerunt
768 1060 970 1142 illaqueare,
1000 1081 1159 1126 nummos
1189 1080 1387 1143 emungere,

336 1163 462 1226 liberos
497 1160 697 1244 subjugare,
735 1159 898 1242 pacificos
929 1160 1133 1243 inquietare,
1165 1160 1202 1223 in
1232 1161 1387 1225 vestibus

338 1262 454 1326 ovium
469 1280 546 1324 eum
566 1260 636 1322 sint
651 1259 857 1322 intrinsecus
879 1259 952 1342 lupi
974 1280 1143 1343 rapaces;
1167 1260 1303 1342 legatos
1320 1260 1396 1323 huc*

338 1368 373 1424 et
387 1361 469 1424 illuc
485 1360 675 1434 mittentes,
696 1359 1007 1435 excommunicare,
1029 1360 1250 1443 suspendere,
1264 1360 1387 1443 punire

337 1465 545 1542 potestatem
557 1457 742 1535 babentes3
767 1476 835 1521 non
851 1466 890 1522 ut
903 1446 1031 1535 semen,
1042 1459 1077 1522 id
1090 1467 1144 1524 est
1155 1461 1297 1523 verbum
1308 1459 1387 1536 Dei,

339 1559 507 1622 seminent
519 1557 808 1631 fructificandum,
822 1558 882 1620 sed
896 1565 936 1621 ut
948 1559 1127 1640 pecuniam
1146 1566 1387 1641 extorqueant,

340 1657 518 1739 colligant,
529 1663 564 1720 et
578 1662 711 1719 metant
724 1674 802 1737 quae
816 1676 991 1740 nunquam
1005 1660 1273 1721 seminaverunt.
1314 1657 1388 1721 Sic·

340 1776 407 1839 que
423 1757 475 1834 fit,
489 1763 530 1820 ut
546 1755 710 1819 ecclesias
729 1774 859 1832 sacras,
884 1775 1074 1839 pauperum
1091 1755 1237 1839 refugia,
1250 1763 1389 1821 saucto-

341 1876 416 1919 rum
432 1855 639 1933 mansiones,
654 1854 831 1936 diripiant,
847 1875 935 1937 quas
955 1856 1003 1938 pii
1021 1875 1061 1920 ac
1078 1856 1250 1939 simplices
1271 1863 1389 1938 patres

340 1956 451 2019 nostri
476 1956 512 2018 in
538 1953 759 2018 refectionem
786 1973 977 2037 pauperum
1003 1975 1044 2021 ac
1071 1955 1328 2038 peregrinorum
1354 1963 1389 2019 et

340 2055 578 2135 religiosorum
600 2053 886 2117 sustentationem
911 2053 1110 2119 fundarunt.
1162 2055 1209 2119 Et
1230 2074 1321 2119 nunc
1344 2054 1388 2118 ad

339 2154 483 2236 imperia
511 2160 546 2217 et
571 2171 679 2233 regna
708 2152 894 2233 degeneres
921 2162 955 2218 et
980 2153 1162 2236 ignobiles,
1191 2173 1279 2238 quos
1302 2154 1387 2218 solae

340 2254 449 2317 literae
466 2252 599 2316 faciunt
613 2252 775 2328 insanire,
794 2270 881 2315 ausu
898 2254 1081 2316 temerario
1097 2253 1310 2318 contendunt
1327 2273 1390 2317 an·

340 2352 468 2416 helare.
521 2351 564 2415 Iu
579 2358 783 2433 paupertate
800 2352 937 2434 quidem
956 2360 992 2416 et
1008 2353 1229 2436 simplicitate
1243 2352 1389 2416 fundata

341 2461 418 2516 erat
444 2450 591 2515 ecclesia
612 2451 800 2534 primitiva,
818 2470 895 2514 cum
921 2459 1072 2529 sanctos,
1099 2472 1186 2535 quos
1210 2451 1390 2534 catalogus

341 2557 538 2614 sanctorum
555 2552 811 2626 commemorat,
824 2550 986 2613 foecunda
999 2554 1201 2634 parturiret3
1223 2551 1283 2615 sed
1296 2550 1390 2614 aliud

341 2650 599 2713 fundamentum
622 2668 722 2711 nemo
746 2655 862 2729 potest
886 2668 1024 2729 ponere,
1046 2657 1172 2732 praeter
1194 2649 1279 2711 illud
1297 2649 1390 2731 quod

342 2749 491 2832 positum
503 2754 556 2813 est
571 2768 593 2813 a
605 2747 755 2811 Domino
769 2746 792 2809 J
795 2766 856 2809 esu
874 2766 916 2812 ac
929 2748 1131 2813 stabilitum.
1168 2747 1290 2824 Porro,
1308 2748 1391 2830 quia

342 2850 377 2911 in
398 2849 528 2911 divitiis
550 2847 729 2928 navigant,
756 2846 791 2908 in
812 2847 943 2911 divitiis
964 2848 1177 2924 volutantur,
1202 2849 1238 2911 in
1260 2847 1390 2911 divitiis

342 2947 524 3022 aedificant,
539 2946 727 3009 timendum
751 2966 794 3009 ne
817 2945 931 3027 paries
952 2945 1136 3011 inclinetur
1158 2947 1324 3023 ecclesiae,
1347 2966 1392 3010 ne

342 3047 490 3110 maceria
522 3044 667 3126 depulsa
694 3043 794 3108 ruina
821 3047 1063 3127 subsequatur.
1116 3045 1160 3109 In
1186 3065 1249 3110 nos
1275 3045 1392 3123 etiam,

342 3147 439 3209 novit
461 3143 642 3207 Scrutator
664 3144 827 3220 omnium,
852 3144 980 3228 injuste
996 3145 1261 3222 debacchantur,
1277 3145 1393 3209 dicen-

341 3251 394 3307 tes
420 3262 483 3308 nos
505 3243 597 3306 nolle
623 3237 777 3305 terminis
801 3243 1044 3307 transfretasse
1071 3245 1290 3322 constitutis3
1315 3262 1390 3305 cum

341 3343 451 3407 multa
472 3361 526 3405 me
550 3341 592 3405 de
615 3359 656 3403 eo
679 3346 715 3403 et
733 3340 878 3404 ecclesia
896 3348 931 3405 et
950 3341 1093 3422 imperio
1114 3341 1330 3405 inevitabilia
1350 3360 1392 3405 ac

342 3441 451 3504 ardua
467 3441 619 3521 negotia,
634 3438 766 3520 'praeter
782 3439 993 3504 infirmitatis
1013 3440 1240 3516 incommoda,
1260 3439 1392 3503 detine·

342 3542 438 3616 bant,
461 3559 605 3622 quornm
629 3538 775 3619 primum
799 3538 866 3602 fuit
885 3539 1062 3603 rebellium
1084 3538 1277 3604 Siculorum
1298 3539 1391 3601 inso-

344 3639 459 3703 lentia.
514 3638 590 3701 Nec
604 3637 786 3700 videbatur
808 3638 907 3701 nobis
932 3656 1055 3701 sanum
1080 3637 1188 3701 fuisse
1210 3637 1390 3703 consilium

289 3782 292 3789 -
343 3737 531 3821 expediens
544 3736 811 3812 christianitati,
826 3756 890 3801 nos
907 3737 942 3799 in
953 3737 1096 3817 Terram
1110 3745 1265 3801 sanctam
1278 3744 1391 3801 trans·

342 3837 422 3913 isse,
444 3836 570 3900 bellum
590 3835 790 3898 intestinum
814 3843 895 3917 post
907 3844 1007 3918 terga
1024 3835 1279 3919 relinquentes3
1302 3837 1393 3900 sicut

341 3955 405 3998 nec
430 3934 574 4011 medico,
602 3933 692 3997 ferro
718 3933 827 3997 infixo
852 3934 996 4012 vulneri,
1020 3935 1207 4000 fomentum
1231 3935 1392 3999 adhibere

342 4034 529 4097 medicinae.

304 4173 360 4210 PAG.
382 4173 434 4209 ult.

293 4229 589 4318 166,16,opte0la
693 4250 843 4313 quoque.
914 4283 918 4293 .

292 4398 342 4409 -
385 4358 438 4433 23,
448 4356 631 4440 persecutio
693 4354 905 4418 seditionem.

457 4476 525 4518 aare

296 4575 372 4654 167,
391 4578 442 4648 18,
453 4599 515 4661 per
529 4586 629 4640 terras
694 4551 811 4640 aaut.
