3384 5625
679 767 881 816 uucrrouus
907 769 1040 818 vaura.
1342 757 1409 823 307

354 950 473 1030 igitur,
501 947 582 1010 dum
610 946 676 1010 iter
706 954 836 1028 ageret,
863 949 1001 1013 obvium
1030 949 1151 1014 habuit
1177 971 1282 1015 unum
1307 973 1411 1036 pree.

353 1052 512 1134 byterum
537 1047 723 1110 attonitum
745 1054 780 1109 et
805 1056 1010 1126 currentem,
1032 1050 1187 1113 indutum
1212 1052 1303 1129 alba,
1329 1060 1403 1117 sto·

353 1150 423 1213 lam
453 1147 633 1210 habentem
671 1152 706 1209 et
740 1146 964 1228 manipulum,
1006 1157 1040 1212 et
1079 1169 1213 1214 crucem
1242 1171 1402 1232 magnam

354 1268 432 1312 cum
452 1244 616 1310 crucifixo
638 1245 673 1307 in
697 1244 838 1309 humero
862 1246 1083 1329 bajulantem.
1136 1249 1183 1312 Et
1199 1250 1289 1314 dixit
1304 1271 1400 1332 pres-

352 1349 452 1430 byter
467 1364 552 1409 voce
574 1344 725 1407 clamans
746 1344 994 1427 lachrymabili,
1012 1348 1193 1425 ‘Domina
1217 1349 1325 1414 libera
1347 1371 1403 1414 ec·

353 1447 492 1512 clesiam
511 1462 634 1519 meam,
654 1443 710 1505 cui
735 1442 904 1520 deservio,
927 1464 948 1507 a
969 1446 1145 1529 ruptariis5
1167 1450 1227 1530 qui
1252 1450 1399 1531 patriam

352 1547 455 1611 istam
496 1543 745 1626 depopulantes
784 1561 860 1605 earn
901 1544 998 1607 bonis
1036 1547 1192 1609 omnibus
1230 1549 1399 1630 spoliave-

352 1644 457 1709 runt'
510 1643 554 1705 Et
570 1642 755 1723 respiciens
778 1640 958 1705 Hubertus
984 1644 1071 1707 vidit
1095 1646 1277 1726 imaginem
1304 1646 1399 1709 illam

307 1765 309 1771 ·
351 1746 387 1808 in
409 1763 509 1807 cruce
535 1740 738 1824 pendentem
764 1760 825 1822 per
849 1742 961 1805 omnia
984 1744 1193 1808 consimilem
1218 1745 1269 1808 illi
1295 1764 1398 1827 quam

352 1844 440 1909 vidit
455 1850 556 1907 uocte
576 1841 765 1922 praeterita,
787 1849 822 1903 et
839 1841 1048 1904 descendens
1068 1844 1110 1906 de
1132 1863 1220 1926 equo
1241 1844 1398 1909 adoravit

351 1963 448 2023 eam3
473 1948 508 2006 et
524 1939 655 2015 statim,
673 1939 759 2002 duce
779 1941 981 2023 presbytero
998 1942 1129 2018 eodem,
1150 1944 1298 2023 patriam
1315 1944 1400 2006 libe-

351 2044 457 2120 rauit,
472 2040 626 2105 ecclesiae
643 2040 801 2120 spoliatae
816 2041 908 2103 bona
919 2048 1044 2104 cuncta
1059 2043 1283 2106 restituendo.
1321 2042 1398 2105 Hu-

344 2143 405 2228 jus
421 2161 503 2223 ergo
514 2139 656 2205 visionis
670 2138 853 2202 recordans
871 2159 984 2203 comes
997 2139 1130 2205 Cantiae
1145 2141 1326 2204 Hubertus
1340 2141 1398 2204 de-

350 2243 402 2307 dit
418 2241 555 2306 laudem
573 2239 649 2302 Deo
667 2246 702 2301 et
718 2238 877 2318 gloriam,
899 2240 972 2319 regi
995 2245 1030 2303 et
1046 2242 1151 2321 regiis
1175 2242 1292 2304 amicis
1316 2240 1398 2305 fide-

306 2346 308 2350 ’
350 2344 440 2406 libus
464 2338 716 2414 reconciliatus,
744 2344 779 2401 et
807 2356 829 2400 a
853 2338 969 2401 multis
997 2342 1166 2422 pressuris
1193 2349 1228 2404 et
1255 2340 1399 2403 tribula-

301 2438 303 2442 ’
348 2441 501 2506 tionibus
517 2439 682 2502 liberatus
698 2456 706 2514 ;
734 2437 825 2519 quod
842 2437 907 2501 soli
923 2438 1011 2515 Deo,
1036 2446 1071 2503 et
1088 2459 1156 2503 non
1175 2439 1317 2517 homini,
1335 2440 1398 2502 ad·

348 2540 487 2622 scripsit
500 2535 704 2603 venerabilis
722 2554 836 2598 comes
855 2536 1035 2600 Hubertus
1052 2546 1274 2602 memoratus.
1316 2538 1397 2604 Rex

348 2647 465 2704 autem
479 2638 521 2701 ad
540 2642 689 2700 mentem
705 2654 874 2712 reversus,
886 2643 921 2698 et
934 2637 1102 2700 consimili
1117 2638 1256 2719 pietatis
1273 2637 1397 2700 ductus

348 2740 485 2825 spiritu,
494 2737 706 2802 Gilebertum
714 2734 839 2798 Basset
848 2736 957 2799 virum
967 2736 1125 2815 nobilem,
1137 2744 1169 2799 et
1184 2736 1396 2800 Richardum

349 2839 469 2905 Sward
485 2838 628 2901 militem
646 2842 835 2900 strenuum.

298 2954 364 3023 func.
386 2981 440 3017 ern.

298 3038 647 3126 310,13,qoos..red-
696 3037 731 3099 in
765 3036 913 3116 gratiam
946 3055 1043 3098 suam
1081 3036 1217 3117 plenam
1256 3042 1292 3098 et
1326 3055 1394 3100 nou

303 3138 306 3143 ’
463 3139 547 3203 didit
560 3140 604 3203 cis
718 3134 832 3197 fictam
863 3136 1051 3211 revocavit,
1079 3143 1114 3198 ct
1142 3137 1191 3198 eis
1217 3136 1253 3197 in
1279 3136 1396 3199 osculo

717 3234 813 3314 pacis
829 3235 977 3316 receptis
994 3234 1153 3296 reddidit.

296 3403 348 3416 -
391 3364 443 3439 21,
459 3382 528 3425 omn
695 3355 938 3419 intercessione
955 3362 1000 3419 et.

296 3527 347 3538 -
392 3487 444 3561 25,
461 3484 590 3548 donauit
695 3479 813 3542 cinxit·

294 3643 346 3656 —
390 3609 442 3685 26,
458 3608 634 3691 1111113111Ι
694 3601 787 3665 addit
805 3601 929 3679 Paris,
946 3603 1035 3665 sicut
1053 3603 1157 3666 moris
1175 3609 1240 3680 est,
1257 3610 1304 3667 et.

295 3710 370 3809 311,
409 3735 439 3809 3,
451 3701 569 3816 plena
694 3725 841 3812 demum·
1152 3709 1153 3712 Ἴ

294 3897 345 3908 -
411 3859 441 3932 5,
456 3853 593 3919 labentes
694 3848 820 3912 habere
835 3848 1033 3912 sentientes.

295 4018 346 4052 ‚-
410 3980 444 4053 9,
459 3978 494 4042 ta
508 3978 608 4041 eodem
695 3971 750 4052 By
766 3971 824 4033 the
841 3970 914 4033 side
937 3971 977 4032 of
993 3969 1061 4059 this
1078 3969 1149 4059 ¹and
1172 3968 1231 4032 the
1251 3977 1321 4033 two
1336 3971 1397 4034 fol-

716 4068 844 4149 lowing
864 4067 1023 4149 chapters
1045 4067 1103 4158 the
1121 4067 1215 4162 word
1234 4068 1398 4132 ‘offendi-

716 4167 842 4231 culum'
860 4167 890 4229 is
908 4167 1011 4247 again
1029 4167 1167 4230 written
1179 4167 1216 4229 in
1231 4168 1289 4230 red
1306 4167 1379 4232 iuk.

292 4338 344 4351 —
361 4276 371 4291 ’
388 4301 441 4376 11,
457 4297 644 4362 Biclardi..
695 4291 871 4356 Richardo
889 4290 1005 4353 comiti
1023 4296 1230 4373 praeparata.

459 4396 646 4461 Marescoll'

292 4521 370 4596 312,
409 4523 442 4597 8,
451 4540 607 4604 procare-
693 4532 897 4596 procurasse
914 4511 1130 4578 videbantur.

459 4626 568 4682 aarum
749 4650 752 4655 ·
1200 4652 1217 4687 x
1235 4644 1250 4688 2
