3384 5625
292 782 359 848 294
666 792 868 845 ascalonus
892 792 1026 843 VARIAE.

311 924 370 960 Pan.
392 920 445 957 ult.

301 987 375 1063 300,
394 985 445 1058 20,
463 979 637 1067 adjuporot
697 980 747 1045 sic
762 980 828 1045 sibi
842 986 952 1045 totam
970 978 1185 1063 subjugaret.

301 1150 353 1164 ...
397 1108 449 1182 21,
465 1102 641 1168 Marsaci·
700 1122 857 1168 asserens
880 1102 939 1186 jus
965 1122 1066 1166 suum
1090 1102 1123 1165 ei
1146 1100 1408 1179 auxiliaturum,

469 1204 655 1269 ias...ecsr·
724 1204 924 1285 viribusque
953 1201 1088 1266 martiis
1117 1220 1187 1265 non
1218 1200 1409 1265 destituen-

472 1303 567 1367 citmn
723 1302 818 1366 dum.
871 1301 1028 1385 Cumque
1053 1300 1250 1365 haesitasset
1269 1300 1408 1365 Mares·

726 1401 836 1465 callus
884 1402 926 1465 de
970 1419 1139 1464 consensu
1182 1400 1410 1483 proditorum,

729 1502 854 1566 timens
882 1519 950 1564 non
981 1500 1072 1564 viros
1105 1500 1167 1563 sed
1191 1499 1331 1563 fraudes
1360 1500 1411 1562 in-

727 1607 828 1663 natas
862 1598 1160 1676 HibernicnsibuS,
1198 1605 1233 1662 et
1262 1597 1407 1662 libraret

728 1699 873 1763 rationis
907 1699 1039 1763 trutina
1069 1704 1214 1763 eventus
1244 1697 1408 1761 fortuitos

728 1798 909 1875 bellorum,
976 1796 1155 1880 respondit
1216 1795 1410 1873 Galfridus,

731 1897 847 1975 ‘Quid
878 1898 1006 1962 timasi
1047 1895 1253 1959 credendum
1285 1903 1340 1959 est
1374 1903 1410 1960 to

730 2015 907 2078 nunquam
933 1995 1039 2059 fuisse
1066 1995 1174 2058 filium
1198 1994 1411 2059 vict0r10sis·

730 2096 808 2160 simi
838 2096 1005 2160 Willelmi
1034 2095 1160 2159 veteris
1193 2093 1408 2171 Marescalli,

604 2249 606 2251 ,
730 2195 790 2277 qui
820 2194 1088 2276 irrumpentibus
1126 2193 1283 2257 hostibus
1319 2212 1411 2255 nun-

731 2313 836 2377 quam
870 2293 963 2358 dedit
990 2302 1099 2374 terga.
1150 2292 1240 2357 Ecce
1265 2292 1410 2356 victoria

731 2411 794 2475 pro
812 2392 963 2470 foribus3
987 2412 1066 2456 ecce
1079 2392 1139 2475 jus
1152 2399 1250 2455 tuum
1265 2391 1410 2469 avitum,

732 2489 824 2573 quod
839 2498 874 2554 te
886 2491 1057 2572 contingit
1068 2491 1149 2575 juro
1160 2490 1297 2569 lineari;
1316 2490 1409 2573 quod

733 2590 855 2655 invicti
896 2599 1131 2655 antecessores
1165 2590 1229 2667 tui,
1267 2590 1330 2671 qui
1369 2588 1413 2653 de

734 2690 952 2771 Strangbove
974 2709 1165 2771 cognomen
1194 2694 1412 2771 acceperunt,

733 2796 873 2854 strenue
898 2789 1190 2873 conquisiverunt.
1243 2788 1276 2853 N
1281 2788 1411 2872 unquid

733 2888 857 2972 incipis
885 2889 1092 2970 degenerare
1102 2889 1130 2952 'l’
1182 2888 1412 2952 Marescallus

731 3007 815 3050 vero
842 2987 896 3050 his
925 2988 1052 3065 verbis,
1084 3007 1124 3051 ac
1155 2987 1186 3051 si
1210 2988 1344 3051 ratione
1370 3006 1413 3050 ac

731 3085 799 3148 lide
837 3085 1052 3163 fulcirentur,
1093 3086 1193 3150 fidem
1236 3086 1416 3163 adhibens,

732 3192 868 3250 erectus
887 3185 922 3249 in
940 3186 1195 3263 confidentiam,
1217 3205 1280 3269 per
1301 3193 1414 3249 totam

732 3291 860 3349 terram
880 3304 978 3348 suam
998 3285 1172 3368 profectus
1197 3292 1261 3364 est,
1279 3285 1414 3350 exerci-

734 3391 808 3448 tum
824 3402 1051 3466 congregans

311 3542 363 3552 -
407 3503 459 3582 27,
478 3505 614 3570 aliorum
713 3506 983 3572 Hiberncnsium
997 3507 1054 3572 vel
1071 3506 1227 3571 aliorum.

311 3669 363 3682 ψ-
407 3630 459 3705 30,
477 3629 620 3692 amotas
709 3629 801 3694 ocidit
829 3629 953 3706 Paris,
978 3631 1082 3694 immo
1107 3629 1207 3714 quasi
1237 3628 1416 3712 fulguran-

731 3736 801 3791 tem
816 3729 1003 3809 procellam
1018 3728 1252 3797 formidantes.

312 3886 364 3897 -
408 3846 462 3920 31,
478 3845 523 3908 ad
538 3844 605 3909 ioco
710 3850 787 3913 loca
802 3856 971 3932 petentes.

315 3970 390 4046 301,
433 3971 462 4046 l,
471 3990 638 4053 praepara·
710 3971 804 4036 addit
838 3972 963 4051 Paris,
988 3974 1154 4040 habentes
1181 3975 1309 4038 milites
1335 3993 1416 4038 cen-

478 4067 552 4132 dant
734 4083 807 4136 tum
830 4080 866 4137 et
883 4075 1078 4156 sexaginta,
1093 4075 1233 4157 ¹pedites
1250 4075 1319 4138 duo
1341 4075 1419 4138 mil·

733 4171 793 4249 lia,
807 4191 885 4235 cum
901 4175 1006 4236 armis
1024 4174 1105 4236 suis.

313 4324 363 4336 —
430 4290 665 4374 2‚mspoispro·
712 4295 900 4378 majoribus
914 4296 1087 4379 pollicitis.

473 4387 666 4452 missionibus

312 4545 364 4557 -
407 4511 459 4585 25,
468 4510 551 4593 fecit
711 4517 853 4582 faciens.
