3384 5625
293 765 359 829 256
660 778 860 836 nncriorvus
883 779 1016 830 viarm.
1108 774 1110 778 '

293 964 482 1042 venientes,
508 970 543 1027 et
562 963 701 1027 domum
736 961 915 1046 cujusdam
945 960 1110 1043 cauponis
1140 960 1309 1026 violenter
1341 960 1395 1025 in-

292 1063 499 1144 gredientes,
534 1082 619 1126 vasa
657 1063 771 1126 omnia
808 1060 938 1127 vinalia
978 1060 1234 1143 confringentes
1274 1060 1393 1126 vinum

294 1182 356 1244 per
395 1162 517 1226 domus
562 1162 795 1245 pavimentum
836 1160 1042 1237 diffundunt,
1086 1167 1130 1236 et,
1168 1160 1395 1243 procedentes

292 1280 355 1343 per
375 1261 522 1343 plateas,
547 1280 770 1344 quoscunque
798 1260 1004 1323 invenerunt
1031 1259 1123 1323 viros
1150 1267 1211 1323 aut
1232 1260 1394 1324 mulieres

294 1361 419 1425 acriter
450 1360 619 1425 invadunt
649 1368 684 1424 et
715 1359 828 1442 plagis
865 1360 1035 1441 impositis
1075 1359 1260 1424 semivivos
1293 1359 1396 1424 relin-

294 1468 416 1543 quunt.
469 1460 570 1524 Prior
593 1479 675 1524 vero
695 1459 806 1524 sancti
828 1458 1000 1535 Marcelli,
1019 1477 1097 1523 cum
1119 1465 1253 1522 tantam
1282 1458 1409 1522 homi·v

294 1560 395 1623 nibus
416 1559 576 1643 injuriam
597 1560 816 1641 cognovisset
832 1559 977 1635 illatam,
993 1576 1081 1640 quos
1098 1557 1280 1621 defendere
1302 1564 1395 1622 tene-

296 1660 678 1743 batur,-qnerimoniam
703 1677 819 1722 coram
849 1658 1010 1722 Romano
1037 1657 1153 1739 legato
1176 1665 1212 1721 et
1233 1657 1395 1740 episcopo

298 1758 527 1824 Parisiacensi
552 1758 736 1841 deposuit3
763 1758 823 1839 qui
850 1757 953 1821 simul
978 1757 1021 1820 ad
1043 1756 1208 1838 reginam,
1231 1758 1288 1819 cui
1311 1764 1394 1821 tuuc

296 1859 394 1939 regni
419 1858 599 1941 dispositio
621 1858 803 1922 commissa
825 1856 951 1932 fuerat,
974 1865 1198 1939 properantes
1224 1857 1397 1937 rogabant

297 1977 372 2020 eam
401 1965 440 2021 ut
470 1958 573 2022 talem
602 1957 764 2040 injuriam
792 1956 995 2039 praeciperet
1019 1956 1198 2020 vindicari.
1249 1952 1300 2019 At
1322 1955 1396 2033 illa,

296 2057 454 2121 muliebri
484 2057 695 2139 procacitate
724 2056 826 2121 simul
864 2062 899 2119 et
930 2056 1061 2138 impetu
1093 2055 1217 2119 mentis
1249 2053 1395 2136 agitata,

296 2157 492 2240 praepositis
521 2157 671 2221 civitatis
700 2164 735 2222 et
766 2155 972 2237 quibusdam
1004 2155 1167 2235 ruptariis
1195 2154 1267 2217 suis
1302 2154 1396 2218 dedit

297 2256 390 2320 illico
421 2256 455 2318 in
485 2257 669 2331 mandatis
700 2263 738 2319 ut
765 2256 829 2319 sub
857 2254 949 2318 omni
977 2254 1153 2317 celeritate
1184 2252 1320 2329 armati,
1353 2255 1396 2318 ab

298 2356 381 2417 urbe
404 2363 583 2431 exeuntes,
609 2354 712 2437 hujus
738 2354 913 2417 violentiae
943 2360 1114 2430 auctores,
1138 2352 1226 2417 nulli
1252 2371 1395 2436 parcen·

297 2461 362 2530 teS,
388 2454 558 2535 punirent.
610 2453 669 2516 Illi
694 2459 822 2528 autem,
850 2453 909 2534 qui
936 2453 1036 2534 proni
1061 2460 1160 2517 erant
1190 2451 1234 2515 ad
1260 2471 1394 2516 omnem

297 2552 533 2617 crudelitatem
567 2552 835 2635 exsequendam,
862 2560 982 2633 portas
1008 2552 1160 2617 civitatis
1188 2571 1265 2615 cum
1291 2553 1396 2615 armis

297 2653 427 2734 egressi
454 2653 659 2716 invenerunt
688 2660 790 2716 extra
818 2653 914 2715 urbis
945 2652 1073 2716 moenia
1100 2652 1244 2717 clericos
1269 2651 1396 2715 multos

298 2752 388 2817 ludis
405 2752 635 2829 intendentes,
657 2752 716 2835 qui
740 2752 775 2815 in
792 2751 957 2816 violentia
980 2751 1127 2833 praefata
1148 2751 1278 2815 nullam
1297 2752 1395 2833 peni·

298 2861 354 2917 tus
370 2852 505 2934 culpam
521 2853 727 2916 habuerunt,
766 2851 836 2931 Qui
853 2853 941 2914 enim
960 2851 1179 2914 seminarium
1193 2851 1397 2915 tumultuosi

297 2952 494 3015 certaminis
510 2960 691 3015 moverunt
711 2958 809 3013 erant
826 2950 869 3013 de
885 2951 1041 3032 partibus
1057 2950 1275 3015 conterminis
1295 2950 1396 3012 Flan-

296 3050 392 3125 driae,
421 3069 508 3131 qnos
533 3049 722 3130 vulgariter
751 3049 918 3113 Picardos
945 3051 1172 3114 nominamus.
1225 3048 1306 3125 Sed,
1328 3048 1394 3112 hoc

296 3169 367 3212 non
397 3149 567 3224 obstante,
596 3148 735 3214 lictores
763 3149 798 3211 in
827 3168 886 3212 eos
919 3149 1098 3226 irruentes,
1126 3169 1213 3232 quos
1245 3149 1393 3213 inermes

297 3248 457 3311 viderant
481 3255 517 3311 et
542 3249 754 3325 innocentes
783 3248 870 3311 alios
897 3248 1107 3323 occiderunt,
1130 3249 1217 3311 alios
1235 3249 1397 3314 vulnera·

297 3355 434 3424 verunt,
454 3354 559 3430 atque
574 3347 661 3410 alios
678 3347 791 3429 plagis
815 3346 987 3428 impositis
1010 3348 1199 3429 spoliantes
1216 3347 1396 3411 immiseri-

297 3448 445 3511 corditer
468 3453 727 3524 tractaverunt;
764 3446 903 3528 quidam
933 3465 1015 3508 vero
1042 3466 1087 3509 ex
1114 3447 1164 3509 eis
1193 3446 1395 3528 perfugam

296 3546 481 3610 evadentes
498 3547 534 3609 in
551 3546 662 3609 vineis
680 3553 715 3609 et
737 3546 894 3608 cavernis
908 3544 1103 3608 latitabant.
1157 3544 1297 3608 Inventi
1312 3551 1395 3608 sunt

294 3653 409 3709 autem
438 3646 528 3708 inter
556 3644 755 3708 vulneratos
784 3643 853 3707 duo
887 3643 1001 3707 elerici
1034 3644 1158 3708 divites
1192 3651 1228 3707 et
1256 3661 1392 3723 magnae

295 3743 512 3807 auctoritatis
542 3742 724 3817 interfecti,
744 3761 890 3823 qnorum
918 3762 1007 3806 unus
1032 3748 1108 3807 erat
1133 3760 1258 3824 genere
1288 3742 1393 3805 Flan-

295 3841 439 3915 drensiS,
472 3847 507 3903 et
540 3839 629 3902 alius
659 3840 798 3902 natione
835 3839 1068 3905 Normannus.
1126 3840 1246 3924 Hujus
1275 3850 1390 3904 autem

294 3937 578 4019 transgressionis
610 3938 796 4018 enormitas
828 3958 906 4001 cum
939 3939 983 4002 ad
1015 3959 1116 4005 aures
1150 3940 1393 4020 magistrorum

296 4038 531 4103 universitatis
564 4038 790 4120 pervenisset,
822 4048 1056 4104 convenerunt
1090 4057 1208 4103 omnes
1238 4040 1274 4102 in
1307 4059 1396 4122 pree·

297 4140 409 4203 sentia
433 4139 562 4220 reginae
587 4145 622 4201 et
650 4138 769 4218 legati,
800 4139 976 4221 suspensis
1002 4139 1097 4220 prius
1129 4137 1335 4202 lectionibus
1363 4128 1398 4202 et

297 4238 588 4320 disputationibus
621 4237 872 4314 universaliter,
902 4238 1073 4301 instanter
1107 4237 1325 4319 postulantes
1354 4237 1397 4300 de

299 4337 360 4400 tali
384 4337 511 4420 injuria
532 4336 598 4398 sibi
617 4335 790 4417 justitiam
813 4336 988 4415 exhiberi3
1012 4337 1191 4417 indignum
1214 4337 1304 4400 enim
1330 4335 1396 4399 sibi

296 4435 488 4511 videbatur,
508 4433 610 4517 quod,
635 4442 705 4498 tam
729 4434 798 4499 levi
827 4442 931 4499 nacta
956 4435 1149 4512 occasione,
1175 4433 1392 4516 quorundam

296 4533 602 4616 contemptibilium
633 4534 871 4599 clericulorum
903 4535 1133 4616 transgressio
1162 4535 1198 4596 in
1230 4533 1394 4616 praejudi-
