<?xml version="1.0" encoding="UTF-8"?>
<!DOCTYPE html PUBLIC "-//W3C//DTD XHTML 1.0 Transitional//EN"
    "http://www.w3.org/TR/xhtml1/DTD/xhtml1-transitional.dtd">
<html xmlns="http://www.w3.org/1999/xhtml" xml:lang="en" lang="en">
 <head>
  <title>
</title>
<meta http-equiv="Content-Type" content="text/html;charset=utf-8" />
  <meta name='ocr-system' content='tesseract 3.04.00' />
  <meta name='ocr-capabilities' content='ocr_page ocr_carea ocr_par ocr_line ocrx_word'/>
</head>
<body>
  <div class='ocr_page' id='page_1' title='image "./rogeridewendove00rogegoog_0344.png"; bbox 0 0 3384 5625; ppageno 0'>
   <div class='ocr_carea' id='block_1_1' title="bbox 303 757 1024 825">
    <p class='ocr_par' dir='ltr' id='par_1_1' title="bbox 303 757 1024 825">
     <span class='ocr_line' id='line_1_1' title="bbox 303 757 1024 825; baseline -0.004 0"><span class='ocrx_word' id='word_1_1' title='bbox 303 757 369 825; x_wconf 77' lang='lat'><strong>322</strong></span> <span class='ocrx_word' id='word_1_2' title='bbox 670 777 868 825; x_wconf 78' lang='lat' dir='ltr'><strong>nncrrouus</strong></span> <span class='ocrx_word' id='word_1_3' title='bbox 891 776 1024 825; x_wconf 73' lang='lat' dir='ltr'><strong>unuln.</strong></span> 
     </span>
    </p>
   </div>
   <div class='ocr_carea' id='block_1_2' title="bbox 301 958 1402 3308">
    <p class='ocr_par' dir='ltr' id='par_1_2' title="bbox 301 958 1402 3308">
     <span class='ocr_line' id='line_1_2' title="bbox 354 958 1399 1042; baseline 0 -21"><span class='ocrx_word' id='word_1_4' title='bbox 354 958 451 1040; x_wconf 83' lang='lat' dir='ltr'><strong>legit,</strong></span> <span class='ocrx_word' id='word_1_5' title='bbox 465 958 501 1021; x_wconf 91' lang='lat' dir='ltr'><strong>in</strong></span> <span class='ocrx_word' id='word_1_6' title='bbox 518 959 702 1040; x_wconf 89' lang='lat' dir='ltr'><strong>praesentia</strong></span> <span class='ocrx_word' id='word_1_7' title='bbox 717 959 869 1042; x_wconf 79' lang='lat' dir='ltr'><strong>episcopi</strong></span> <span class='ocrx_word' id='word_1_8' title='bbox 892 967 927 1023; x_wconf 90' lang='lat' dir='ltr'><strong>et</strong></span> <span class='ocrx_word' id='word_1_9' title='bbox 943 959 1118 1022; x_wconf 90' lang='lat' dir='ltr'><strong>audientia</strong></span> <span class='ocrx_word' id='word_1_10' title='bbox 1139 964 1340 1032; x_wconf 77' lang='lat' dir='ltr'><strong>contentae,</strong></span> <span class='ocrx_word' id='word_1_11' title='bbox 1363 964 1399 1021; x_wconf 89' lang='lat' dir='ltr'><strong>et</strong></span> 
     </span>
     <span class='ocr_line' id='line_1_3' title="bbox 354 1056 1398 1141; baseline -0.001 -21"><span class='ocrx_word' id='word_1_12' title='bbox 354 1058 462 1121; x_wconf 86' lang='lat' dir='ltr'><strong>totius</strong></span> <span class='ocrx_word' id='word_1_13' title='bbox 476 1057 595 1141; x_wconf 89' lang='lat' dir='ltr'><strong>populi</strong></span> <span class='ocrx_word' id='word_1_14' title='bbox 611 1065 646 1121; x_wconf 93' lang='lat' dir='ltr'><strong>et</strong></span> <span class='ocrx_word' id='word_1_15' title='bbox 662 1059 755 1134; x_wconf 89' lang='lat' dir='ltr'><strong>cleri,</strong></span> <span class='ocrx_word' id='word_1_16' title='bbox 773 1059 837 1122; x_wconf 90' lang='lat' dir='ltr'><strong>sub</strong></span> <span class='ocrx_word' id='word_1_17' title='bbox 853 1058 918 1122; x_wconf 90' lang='lat' dir='ltr'><strong>hac</strong></span> <span class='ocrx_word' id='word_1_18' title='bbox 935 1058 1067 1137; x_wconf 80' lang='lat' dir='ltr'><strong>sorma3</strong></span> <span class='ocrx_word' id='word_1_19' title='bbox 1092 1057 1190 1140; x_wconf 86' lang='lat' dir='ltr'><strong>‘Ego</strong></span> <span class='ocrx_word' id='word_1_20' title='bbox 1208 1057 1231 1119; x_wconf 89' lang='lat' dir='ltr'><strong>J</strong></span> <span class='ocrx_word' id='word_1_21' title='bbox 1234 1056 1398 1132; x_wconf 76' lang='lat' dir='ltr'><strong>channae,</strong></span> 
     </span>
     <span class='ocr_line' id='line_1_4' title="bbox 355 1156 1400 1233; baseline 0 -14"><span class='ocrx_word' id='word_1_22' title='bbox 355 1158 462 1220; x_wconf 88' lang='lat' dir='ltr'><strong>abbas</strong></span> <span class='ocrx_word' id='word_1_23' title='bbox 479 1158 679 1221; x_wconf 89' lang='lat' dir='ltr'><strong>monasterii</strong></span> <span class='ocrx_word' id='word_1_24' title='bbox 693 1158 803 1221; x_wconf 89' lang='lat' dir='ltr'><strong>sancti</strong></span> <span class='ocrx_word' id='word_1_25' title='bbox 818 1156 958 1233; x_wconf 89' lang='lat' dir='ltr'><strong>Albani,</strong></span> <span class='ocrx_word' id='word_1_26' title='bbox 982 1158 1024 1221; x_wconf 90' lang='lat' dir='ltr'><strong>ab</strong></span> <span class='ocrx_word' id='word_1_27' title='bbox 1047 1157 1110 1219; x_wconf 92' lang='lat' dir='ltr'><strong>hac</strong></span> <span class='ocrx_word' id='word_1_28' title='bbox 1134 1157 1219 1221; x_wconf 91' lang='lat' dir='ltr'><strong>hora</strong></span> <span class='ocrx_word' id='word_1_29' title='bbox 1243 1158 1400 1219; x_wconf 91' lang='lat' dir='ltr'><strong>inantea</strong></span> 
     </span>
     <span class='ocr_line' id='line_1_5' title="bbox 354 1255 1402 1338; baseline 0 -21"><span class='ocrx_word' id='word_1_30' title='bbox 354 1255 464 1319; x_wconf 88' lang='lat' dir='ltr'><strong>fidelis</strong></span> <span class='ocrx_word' id='word_1_31' title='bbox 482 1263 517 1320; x_wconf 88' lang='lat' dir='ltr'><strong>et</strong></span> <span class='ocrx_word' id='word_1_32' title='bbox 533 1257 694 1320; x_wconf 92' lang='lat' dir='ltr'><strong>obediens</strong></span> <span class='ocrx_word' id='word_1_33' title='bbox 714 1276 773 1320; x_wconf 88' lang='lat' dir='ltr'><strong>ero</strong></span> <span class='ocrx_word' id='word_1_34' title='bbox 789 1263 910 1319; x_wconf 91' lang='lat' dir='ltr'><strong>sancto</strong></span> <span class='ocrx_word' id='word_1_35' title='bbox 925 1256 1031 1319; x_wconf 92' lang='lat' dir='ltr'><strong>Petro</strong></span> <span class='ocrx_word' id='word_1_36' title='bbox 1048 1264 1246 1338; x_wconf 75' lang='lat' dir='ltr'><strong>sanctaeque</strong></span> <span class='ocrx_word' id='word_1_37' title='bbox 1262 1262 1402 1336; x_wconf 87' lang='lat' dir='ltr'><strong>aposto-</strong></span> 
     </span>
     <span class='ocr_line' id='line_1_6' title="bbox 353 1353 1400 1436; baseline 0 -19"><span class='ocrx_word' id='word_1_38' title='bbox 353 1353 428 1417; x_wconf 88' lang='lat' dir='ltr'><strong>licae</strong></span> <span class='ocrx_word' id='word_1_39' title='bbox 455 1355 622 1419; x_wconf 85' lang='lat' dir='ltr'><strong>Romanae</strong></span> <span class='ocrx_word' id='word_1_40' title='bbox 638 1355 803 1431; x_wconf 87' lang='lat' dir='ltr'><strong>ecclesiae,</strong></span> <span class='ocrx_word' id='word_1_41' title='bbox 816 1363 852 1419; x_wconf 92' lang='lat' dir='ltr'><strong>et</strong></span> <span class='ocrx_word' id='word_1_42' title='bbox 867 1355 1004 1418; x_wconf 92' lang='lat' dir='ltr'><strong>domino</strong></span> <span class='ocrx_word' id='word_1_43' title='bbox 1021 1374 1096 1418; x_wconf 91' lang='lat' dir='ltr'><strong>meo</strong></span> <span class='ocrx_word' id='word_1_44' title='bbox 1112 1375 1211 1436; x_wconf 88' lang='lat' dir='ltr'><strong>papae</strong></span> <span class='ocrx_word' id='word_1_45' title='bbox 1228 1353 1400 1434; x_wconf 85' lang='lat' dir='ltr'>Gregorio</span> 
     </span>
     <span class='ocr_line' id='line_1_7' title="bbox 354 1451 1400 1536; baseline 0 -21"><span class='ocrx_word' id='word_1_46' title='bbox 354 1451 496 1536; x_wconf 92' lang='lat' dir='ltr'><strong>ejusque</strong></span> <span class='ocrx_word' id='word_1_47' title='bbox 516 1455 770 1518; x_wconf 90' lang='lat' dir='ltr'><strong>suecessoribus</strong></span> <span class='ocrx_word' id='word_1_48' title='bbox 790 1455 954 1517; x_wconf 90' lang='lat' dir='ltr'><strong>canonice</strong></span> <span class='ocrx_word' id='word_1_49' title='bbox 969 1454 1189 1517; x_wconf 86' lang='lat' dir='ltr'><strong>intrantibus.</strong></span> <span class='ocrx_word' id='word_1_50' title='bbox 1243 1453 1325 1515; x_wconf 92' lang='lat' dir='ltr'><strong>Non</strong></span> <span class='ocrx_word' id='word_1_51' title='bbox 1340 1472 1400 1515; x_wconf 91' lang='lat' dir='ltr'><strong>ero</strong></span> 
     </span>
     <span class='ocr_line' id='line_1_8' title="bbox 352 1551 1400 1635; baseline 0.002 -22"><span class='ocrx_word' id='word_1_52' title='bbox 352 1551 387 1613; x_wconf 92' lang='lat' dir='ltr'><strong>in</strong></span> <span class='ocrx_word' id='word_1_53' title='bbox 402 1552 546 1616; x_wconf 91' lang='lat' dir='ltr'><strong>consilio</strong></span> <span class='ocrx_word' id='word_1_54' title='bbox 563 1560 625 1616; x_wconf 92' lang='lat' dir='ltr'><strong>aut</strong></span> <span class='ocrx_word' id='word_1_55' title='bbox 641 1571 810 1635; x_wconf 85' lang='lat' dir='ltr'><strong>consensu</strong></span> <span class='ocrx_word' id='word_1_56' title='bbox 828 1553 884 1616; x_wconf 90' lang='lat' dir='ltr'><strong>vel</strong></span> <span class='ocrx_word' id='word_1_57' title='bbox 901 1553 937 1615; x_wconf 95' lang='lat' dir='ltr'><strong>in</strong></span> <span class='ocrx_word' id='word_1_58' title='bbox 952 1553 1045 1616; x_wconf 87' lang='lat' dir='ltr'><strong>facto</strong></span> <span class='ocrx_word' id='word_1_59' title='bbox 1066 1559 1106 1615; x_wconf 91' lang='lat' dir='ltr'><strong>ut</strong></span> <span class='ocrx_word' id='word_1_60' title='bbox 1121 1553 1227 1616; x_wconf 88' lang='lat' dir='ltr'><strong>vitam</strong></span> <span class='ocrx_word' id='word_1_61' title='bbox 1253 1552 1400 1634; x_wconf 90' lang='lat' dir='ltr'><strong>perdant</strong></span> 
     </span>
     <span class='ocr_line' id='line_1_9' title="bbox 352 1649 1398 1734; baseline 0 -22"><span class='ocrx_word' id='word_1_62' title='bbox 352 1657 414 1714; x_wconf 93' lang='lat' dir='ltr'><strong>aut</strong></span> <span class='ocrx_word' id='word_1_63' title='bbox 441 1654 642 1730; x_wconf 77' lang='lat' dir='ltr'><strong>membrum,</strong></span> <span class='ocrx_word' id='word_1_64' title='bbox 671 1660 732 1715; x_wconf 90' lang='lat' dir='ltr'><strong>aut</strong></span> <span class='ocrx_word' id='word_1_65' title='bbox 759 1652 940 1733; x_wconf 83' lang='lat' dir='ltr'>capiantur</span> <span class='ocrx_word' id='word_1_66' title='bbox 969 1653 1060 1715; x_wconf 89' lang='lat' dir='ltr'><strong>mala</strong></span> <span class='ocrx_word' id='word_1_67' title='bbox 1085 1652 1255 1734; x_wconf 83' lang='lat' dir='ltr'>captione.</span> <span class='ocrx_word' id='word_1_68' title='bbox 1309 1649 1398 1713; x_wconf 85' lang='lat' dir='ltr'><strong>Con-</strong></span> 
     </span>
     <span class='ocr_line' id='line_1_10' title="bbox 352 1749 1400 1833; baseline 0 -22"><span class='ocrx_word' id='word_1_69' title='bbox 352 1749 466 1813; x_wconf 88' lang='lat' dir='ltr'><strong>silium</strong></span> <span class='ocrx_word' id='word_1_70' title='bbox 489 1770 583 1829; x_wconf 89' lang='lat' dir='ltr'><strong>vero,</strong></span> <span class='ocrx_word' id='word_1_71' title='bbox 607 1750 698 1833; x_wconf 93' lang='lat' dir='ltr'><strong>quod</strong></span> <span class='ocrx_word' id='word_1_72' title='bbox 721 1751 804 1813; x_wconf 92' lang='lat' dir='ltr'><strong>mihi</strong></span> <span class='ocrx_word' id='word_1_73' title='bbox 826 1750 990 1814; x_wconf 84' lang='lat' dir='ltr'><strong>credituri</strong></span> <span class='ocrx_word' id='word_1_74' title='bbox 1012 1758 1093 1813; x_wconf 89' lang='lat' dir='ltr'><strong>sunt</strong></span> <span class='ocrx_word' id='word_1_75' title='bbox 1109 1770 1170 1832; x_wconf 90' lang='lat' dir='ltr'><strong>per</strong></span> <span class='ocrx_word' id='word_1_76' title='bbox 1196 1770 1233 1814; x_wconf 91' lang='lat' dir='ltr'><strong>se</strong></span> <span class='ocrx_word' id='word_1_77' title='bbox 1260 1757 1322 1812; x_wconf 90' lang='lat' dir='ltr'><strong>aut</strong></span> <span class='ocrx_word' id='word_1_78' title='bbox 1337 1768 1400 1830; x_wconf 87' lang='lat' dir='ltr'><strong>per</strong></span> 
     </span>
     <span class='ocr_line' id='line_1_11' title="bbox 352 1848 1398 1931; baseline 0.002 -21"><span class='ocrx_word' id='word_1_79' title='bbox 352 1849 490 1913; x_wconf 90' lang='lat' dir='ltr'><strong>nuntios</strong></span> <span class='ocrx_word' id='word_1_80' title='bbox 511 1868 592 1913; x_wconf 91' lang='lat' dir='ltr'><strong>suos</strong></span> <span class='ocrx_word' id='word_1_81' title='bbox 609 1850 682 1913; x_wconf 84' lang='lat' dir='ltr'><strong>sive</strong></span> <span class='ocrx_word' id='word_1_82' title='bbox 702 1869 763 1931; x_wconf 90' lang='lat' dir='ltr'><strong>per</strong></span> <span class='ocrx_word' id='word_1_83' title='bbox 780 1850 911 1924; x_wconf 90' lang='lat' dir='ltr'><strong>literas,</strong></span> <span class='ocrx_word' id='word_1_84' title='bbox 935 1849 978 1912; x_wconf 89' lang='lat' dir='ltr'><strong>ad</strong></span> <span class='ocrx_word' id='word_1_85' title='bbox 1002 1870 1119 1913; x_wconf 90' lang='lat' dir='ltr'><strong>eorum</strong></span> <span class='ocrx_word' id='word_1_86' title='bbox 1145 1848 1318 1925; x_wconf 89' lang='lat' dir='ltr'><strong>damnum,</strong></span> <span class='ocrx_word' id='word_1_87' title='bbox 1343 1867 1398 1912; x_wconf 93' lang='lat' dir='ltr'><strong>me</strong></span> 
     </span>
     <span class='ocr_line' id='line_1_12' title="bbox 351 1947 1399 2029; baseline 0 -20"><span class='ocrx_word' id='word_1_88' title='bbox 351 1947 493 2024; x_wconf 90' lang='lat' dir='ltr'><strong>sciente,</strong></span> <span class='ocrx_word' id='word_1_89' title='bbox 509 1949 636 2011; x_wconf 91' lang='lat' dir='ltr'><strong>nemini</strong></span> <span class='ocrx_word' id='word_1_90' title='bbox 658 1947 817 2029; x_wconf 89' lang='lat' dir='ltr'><strong>pandam.</strong></span> <span class='ocrx_word' id='word_1_91' title='bbox 871 1947 1044 2028; x_wconf 91' lang='lat' dir='ltr'><strong>Papatum</strong></span> <span class='ocrx_word' id='word_1_92' title='bbox 1068 1948 1262 2012; x_wconf 91' lang='lat' dir='ltr'><strong>Romanum</strong></span> <span class='ocrx_word' id='word_1_93' title='bbox 1285 1954 1320 2010; x_wconf 91' lang='lat' dir='ltr'><strong>et</strong></span> <span class='ocrx_word' id='word_1_94' title='bbox 1346 1967 1399 2009; x_wconf 87' lang='lat' dir='ltr'><strong>re-</strong></span> 
     </span>
     <span class='ocr_line' id='line_1_13' title="bbox 351 2044 1399 2130; baseline 0.001 -22"><span class='ocrx_word' id='word_1_95' title='bbox 351 2046 446 2126; x_wconf 80' lang='lat' dir='ltr'><strong>galia</strong></span> <span class='ocrx_word' id='word_1_96' title='bbox 463 2047 575 2110; x_wconf 89' lang='lat' dir='ltr'><strong>sancti</strong></span> <span class='ocrx_word' id='word_1_97' title='bbox 587 2046 684 2109; x_wconf 90' lang='lat' dir='ltr'><strong>Petri</strong></span> <span class='ocrx_word' id='word_1_98' title='bbox 701 2046 840 2130; x_wconf 92' lang='lat' dir='ltr'><strong>adjutor</strong></span> <span class='ocrx_word' id='word_1_99' title='bbox 854 2045 904 2109; x_wconf 87' lang='lat' dir='ltr'><strong>eis</strong></span> <span class='ocrx_word' id='word_1_100' title='bbox 922 2066 980 2110; x_wconf 90' lang='lat' dir='ltr'><strong>ero</strong></span> <span class='ocrx_word' id='word_1_101' title='bbox 998 2047 1042 2109; x_wconf 91' lang='lat' dir='ltr'><strong>ad</strong></span> <span class='ocrx_word' id='word_1_102' title='bbox 1058 2047 1271 2110; x_wconf 91' lang='lat' dir='ltr'><strong>retinendum</strong></span> <span class='ocrx_word' id='word_1_103' title='bbox 1287 2052 1322 2109; x_wconf 91' lang='lat' dir='ltr'><strong>et</strong></span> <span class='ocrx_word' id='word_1_104' title='bbox 1339 2044 1399 2109; x_wconf 90' lang='lat' dir='ltr'><strong>de-</strong></span> 
     </span>
     <span class='ocr_line' id='line_1_14' title="bbox 350 2143 1393 2222; baseline -0.002 -15"><span class='ocrx_word' id='word_1_105' title='bbox 350 2143 567 2222; x_wconf 82' lang='lat' dir='ltr'><strong>fendendum,</strong></span> <span class='ocrx_word' id='word_1_106' title='bbox 580 2144 678 2209; x_wconf 84' lang='lat' dir='ltr'><strong>salvo</strong></span> <span class='ocrx_word' id='word_1_107' title='bbox 691 2145 809 2207; x_wconf 91' lang='lat' dir='ltr'><strong>ordine</strong></span> <span class='ocrx_word' id='word_1_108' title='bbox 824 2164 913 2220; x_wconf 92' lang='lat' dir='ltr'><strong>meo,</strong></span> <span class='ocrx_word' id='word_1_109' title='bbox 929 2152 1051 2208; x_wconf 91' lang='lat' dir='ltr'><strong>contra</strong></span> <span class='ocrx_word' id='word_1_110' title='bbox 1064 2164 1197 2208; x_wconf 92' lang='lat' dir='ltr'><strong>omnem</strong></span> <span class='ocrx_word' id='word_1_111' title='bbox 1212 2144 1393 2207; x_wconf 90' lang='lat' dir='ltr'><strong>hominem.</strong></span> 
     </span>
     <span class='ocr_line' id='line_1_15' title="bbox 349 2242 1397 2325; baseline 0.001 -20"><span class='ocrx_word' id='word_1_112' title='bbox 349 2242 521 2325; x_wconf 77' lang='lat' dir='ltr'><strong>Legatum</strong></span> <span class='ocrx_word' id='word_1_113' title='bbox 538 2243 737 2325; x_wconf 88' lang='lat' dir='ltr'><strong>apostolicae</strong></span> <span class='ocrx_word' id='word_1_114' title='bbox 755 2242 846 2306; x_wconf 88' lang='lat' dir='ltr'><strong>sedis</strong></span> <span class='ocrx_word' id='word_1_115' title='bbox 861 2243 897 2305; x_wconf 92' lang='lat' dir='ltr'><strong>in</strong></span> <span class='ocrx_word' id='word_1_116' title='bbox 919 2243 1031 2306; x_wconf 89' lang='lat' dir='ltr'><strong>eundo</strong></span> <span class='ocrx_word' id='word_1_117' title='bbox 1049 2251 1084 2306; x_wconf 89' lang='lat' dir='ltr'><strong>et</strong></span> <span class='ocrx_word' id='word_1_118' title='bbox 1099 2244 1272 2306; x_wconf 88' lang='lat' dir='ltr'><strong>redeundo</strong></span> <span class='ocrx_word' id='word_1_119' title='bbox 1288 2242 1397 2306; x_wconf 91' lang='lat' dir='ltr'><strong>hono-</strong></span> 
     </span>
     <span class='ocr_line' id='line_1_16' title="bbox 349 2339 1395 2425; baseline 0.002 -22"><span class='ocrx_word' id='word_1_120' title='bbox 349 2341 443 2404; x_wconf 86' lang='lat' dir='ltr'><strong>rifice</strong></span> <span class='ocrx_word' id='word_1_121' title='bbox 476 2343 644 2416; x_wconf 88' lang='lat' dir='ltr'><strong>tractabo,</strong></span> <span class='ocrx_word' id='word_1_122' title='bbox 675 2347 711 2403; x_wconf 92' lang='lat' dir='ltr'><strong>et</strong></span> <span class='ocrx_word' id='word_1_123' title='bbox 740 2342 776 2403; x_wconf 91' lang='lat' dir='ltr'><strong>in</strong></span> <span class='ocrx_word' id='word_1_124' title='bbox 809 2339 880 2404; x_wconf 86' lang='lat' dir='ltr'><strong>suis</strong></span> <span class='ocrx_word' id='word_1_125' title='bbox 914 2342 1175 2405; x_wconf 88' lang='lat' dir='ltr'><strong>necessitatibus</strong></span> <span class='ocrx_word' id='word_1_126' title='bbox 1209 2342 1395 2425; x_wconf 90' lang='lat' dir='ltr'><strong>adjuvabo.</strong></span> 
     </span>
     <span class='ocr_line' id='line_1_17' title="bbox 349 2438 1395 2522; baseline -0.001 -20"><span class='ocrx_word' id='word_1_127' title='bbox 349 2438 506 2503; x_wconf 89' lang='lat' dir='ltr'><strong>Vocatus</strong></span> <span class='ocrx_word' id='word_1_128' title='bbox 524 2440 567 2503; x_wconf 94' lang='lat' dir='ltr'><strong>ad</strong></span> <span class='ocrx_word' id='word_1_129' title='bbox 592 2438 772 2521; x_wconf 87' lang='lat' dir='ltr'><strong>synodum,</strong></span> <span class='ocrx_word' id='word_1_130' title='bbox 795 2440 942 2515; x_wconf 89' lang='lat' dir='ltr'><strong>veniam,</strong></span> <span class='ocrx_word' id='word_1_131' title='bbox 972 2441 1039 2503; x_wconf 91' lang='lat' dir='ltr'><strong>nisi</strong></span> <span class='ocrx_word' id='word_1_132' title='bbox 1063 2440 1271 2522; x_wconf 88' lang='lat' dir='ltr'><strong>praepeditus</strong></span> <span class='ocrx_word' id='word_1_133' title='bbox 1297 2439 1395 2501; x_wconf 88' lang='lat' dir='ltr'><strong>suero</strong></span> 
     </span>
     <span class='ocr_line' id='line_1_18' title="bbox 348 2534 1395 2620; baseline -0.002 -20"><span class='ocrx_word' id='word_1_134' title='bbox 348 2538 514 2601; x_wconf 89' lang='lat' dir='ltr'><strong>canonica</strong></span> <span class='ocrx_word' id='word_1_135' title='bbox 529 2537 786 2620; x_wconf 87' lang='lat' dir='ltr'><strong>praepeditione.</strong></span> <span class='ocrx_word' id='word_1_136' title='bbox 838 2534 1086 2620; x_wconf 88' lang='lat' dir='ltr'><strong>Apostolorum</strong></span> <span class='ocrx_word' id='word_1_137' title='bbox 1107 2539 1226 2601; x_wconf 90' lang='lat' dir='ltr'><strong>limina</strong></span> <span class='ocrx_word' id='word_1_138' title='bbox 1247 2538 1395 2617; x_wconf 84' lang='lat' dir='ltr'><strong>singulis</strong></span> 
     </span>
     <span class='ocr_line' id='line_1_19' title="bbox 347 2635 1393 2718; baseline -0.004 -18"><span class='ocrx_word' id='word_1_139' title='bbox 347 2635 502 2700; x_wconf 90' lang='lat' dir='ltr'><strong>trienniis</strong></span> <span class='ocrx_word' id='word_1_140' title='bbox 520 2638 681 2711; x_wconf 85' lang='lat' dir='ltr'><strong>visitabo,</strong></span> <span class='ocrx_word' id='word_1_141' title='bbox 697 2643 756 2699; x_wconf 91' lang='lat' dir='ltr'><strong>aut</strong></span> <span class='ocrx_word' id='word_1_142' title='bbox 774 2655 835 2718; x_wconf 86' lang='lat' dir='ltr'><strong>per</strong></span> <span class='ocrx_word' id='word_1_143' title='bbox 853 2657 907 2700; x_wconf 90' lang='lat' dir='ltr'><strong>me</strong></span> <span class='ocrx_word' id='word_1_144' title='bbox 925 2646 986 2702; x_wconf 90' lang='lat' dir='ltr'><strong>aut</strong></span> <span class='ocrx_word' id='word_1_145' title='bbox 1008 2658 1070 2718; x_wconf 90' lang='lat' dir='ltr'><strong>per</strong></span> <span class='ocrx_word' id='word_1_146' title='bbox 1094 2637 1250 2700; x_wconf 90' lang='lat' dir='ltr'><strong>nuntium</strong></span> <span class='ocrx_word' id='word_1_147' title='bbox 1265 2654 1393 2711; x_wconf 89' lang='lat' dir='ltr'><strong>meum,</strong></span> 
     </span>
     <span class='ocr_line' id='line_1_20' title="bbox 349 2734 1395 2818; baseline -0.001 -20"><span class='ocrx_word' id='word_1_148' title='bbox 349 2736 415 2799; x_wconf 90' lang='lat' dir='ltr'><strong>nisi</strong></span> <span class='ocrx_word' id='word_1_149' title='bbox 432 2735 591 2801; x_wconf 88' lang='lat' dir='ltr'><strong>absolvat</strong></span> <span class='ocrx_word' id='word_1_150' title='bbox 603 2734 795 2818; x_wconf 91' lang='lat' dir='ltr'><strong>apostolica</strong></span> <span class='ocrx_word' id='word_1_151' title='bbox 810 2734 961 2799; x_wconf 90' lang='lat' dir='ltr'><strong>licentia.</strong></span> <span class='ocrx_word' id='word_1_152' title='bbox 995 2735 1237 2798; x_wconf 86' lang='lat' dir='ltr'><strong>Possessiones</strong></span> <span class='ocrx_word' id='word_1_153' title='bbox 1250 2753 1332 2798; x_wconf 86' lang='lat' dir='ltr'><strong>vero</strong></span> <span class='ocrx_word' id='word_1_154' title='bbox 1351 2734 1395 2797; x_wconf 89' lang='lat' dir='ltr'><strong>ad</strong></span> 
     </span>
     <span class='ocr_line' id='line_1_21' title="bbox 345 2834 1393 2917; baseline -0.001 -20"><span class='ocrx_word' id='word_1_155' title='bbox 345 2837 591 2900; x_wconf 85' lang='lat' dir='ltr'><strong>monasterium</strong></span> <span class='ocrx_word' id='word_1_156' title='bbox 619 2853 733 2897; x_wconf 88' lang='lat' dir='ltr'><strong>meum</strong></span> <span class='ocrx_word' id='word_1_157' title='bbox 766 2842 964 2917; x_wconf 88' lang='lat' dir='ltr'><strong>spectantes</strong></span> <span class='ocrx_word' id='word_1_158' title='bbox 996 2855 1064 2897; x_wconf 92' lang='lat' dir='ltr'><strong>non</strong></span> <span class='ocrx_word' id='word_1_159' title='bbox 1096 2834 1253 2909; x_wconf 89' lang='lat' dir='ltr'><strong>vendam,</strong></span> <span class='ocrx_word' id='word_1_160' title='bbox 1282 2853 1393 2916; x_wconf 92' lang='lat' dir='ltr'><strong>neque</strong></span> 
     </span>
     <span class='ocr_line' id='line_1_22' title="bbox 301 2932 1394 3017; baseline -0.003 -20"><span class='ocrx_word' id='word_1_161' title='bbox 301 2978 304 2985; x_wconf 85' lang='lat'>-</span> <span class='ocrx_word' id='word_1_162' title='bbox 346 2934 494 3011; x_wconf 90' lang='lat' dir='ltr'><strong>donabo,</strong></span> <span class='ocrx_word' id='word_1_163' title='bbox 517 2953 628 3017; x_wconf 90' lang='lat' dir='ltr'><strong>neque</strong></span> <span class='ocrx_word' id='word_1_164' title='bbox 650 2933 890 3013; x_wconf 84' lang='lat' dir='ltr'><strong>inpignorabo,</strong></span> <span class='ocrx_word' id='word_1_165' title='bbox 907 2951 1016 3014; x_wconf 92' lang='lat' dir='ltr'><strong>neque</strong></span> <span class='ocrx_word' id='word_1_166' title='bbox 1032 2932 1074 2994; x_wconf 92' lang='lat' dir='ltr'><strong>de</strong></span> <span class='ocrx_word' id='word_1_167' title='bbox 1091 2952 1180 2996; x_wconf 84' lang='lat' dir='ltr'><strong>novo</strong></span> <span class='ocrx_word' id='word_1_168' title='bbox 1198 2933 1394 3007; x_wconf 79' lang='lat' dir='ltr'><strong>infeudabo,</strong></span> 
     </span>
     <span class='ocr_line' id='line_1_23' title="bbox 347 3031 1393 3115; baseline -0.004 -19"><span class='ocrx_word' id='word_1_169' title='bbox 347 3033 402 3096; x_wconf 90' lang='lat' dir='ltr'><strong>vel</strong></span> <span class='ocrx_word' id='word_1_170' title='bbox 418 3033 535 3115; x_wconf 88' lang='lat' dir='ltr'><strong>aliquo</strong></span> <span class='ocrx_word' id='word_1_171' title='bbox 551 3033 653 3095; x_wconf 93' lang='lat' dir='ltr'><strong>modo</strong></span> <span class='ocrx_word' id='word_1_172' title='bbox 680 3031 850 3106; x_wconf 88' lang='lat' dir='ltr'><strong>alienabo,</strong></span> <span class='ocrx_word' id='word_1_173' title='bbox 876 3031 1071 3096; x_wconf 88' lang='lat' dir='ltr'><strong>inconsulto</strong></span> <span class='ocrx_word' id='word_1_174' title='bbox 1096 3031 1256 3094; x_wconf 91' lang='lat' dir='ltr'><strong>Romano</strong></span> <span class='ocrx_word' id='word_1_175' title='bbox 1282 3031 1393 3112; x_wconf 89' lang='lat' dir='ltr'><strong>ponti-</strong></span> 
     </span>
     <span class='ocr_line' id='line_1_24' title="bbox 345 3129 1380 3214; baseline 0 -22"><span class='ocrx_word' id='word_1_176' title='bbox 345 3130 418 3195; x_wconf 87' lang='lat' dir='ltr'><strong>fice.</strong></span> <span class='ocrx_word' id='word_1_177' title='bbox 470 3131 527 3194; x_wconf 88' lang='lat' dir='ltr'><strong>Sic</strong></span> <span class='ocrx_word' id='word_1_178' title='bbox 541 3151 596 3194; x_wconf 91' lang='lat' dir='ltr'><strong>me</strong></span> <span class='ocrx_word' id='word_1_179' title='bbox 614 3131 710 3194; x_wconf 90' lang='lat' dir='ltr'><strong>Deus</strong></span> <span class='ocrx_word' id='word_1_180' title='bbox 725 3129 879 3214; x_wconf 86' lang='lat' dir='ltr'><strong>adjuret,</strong></span> <span class='ocrx_word' id='word_1_181' title='bbox 896 3138 932 3193; x_wconf 90' lang='lat' dir='ltr'><strong>et</strong></span> <span class='ocrx_word' id='word_1_182' title='bbox 947 3129 1021 3193; x_wconf 87' lang='lat' dir='ltr'><strong>haec</strong></span> <span class='ocrx_word' id='word_1_183' title='bbox 1037 3139 1158 3194; x_wconf 90' lang='lat' dir='ltr'><strong>sancta</strong></span> <span class='ocrx_word' id='word_1_184' title='bbox 1176 3129 1380 3210; x_wconf 63' lang='lat' dir='ltr'><strong>evangelia!</strong></span> 
     </span>
     <span class='ocr_line' id='line_1_25' title="bbox 305 3271 437 3308; baseline 0.008 -2"><span class='ocrx_word' id='word_1_185' title='bbox 305 3271 362 3308; x_wconf 75' lang='grc' dir='ltr'><strong>ΡΑΘ.</strong></span> <span class='ocrx_word' id='word_1_186' title='bbox 385 3271 437 3307; x_wconf 77' lang='lat' dir='ltr'><strong>uu.</strong></span> 
     </span>
    </p>
   </div>
   <div class='ocr_carea' id='block_1_3' title="bbox 264 3330 1169 3659">
    <p class='ocr_par' dir='ltr' id='par_1_3' title="bbox 264 3330 1169 3659">
     <span class='ocr_line' id='line_1_26' title="bbox 293 3330 1169 3417; baseline -0.003 -22"><span class='ocrx_word' id='word_1_187' title='bbox 293 3334 367 3408; x_wconf 82' lang='grc'><strong>332,</strong></span> <span class='ocrx_word' id='word_1_188' title='bbox 388 3335 441 3407; x_wconf 90' lang='grc'><strong>10,</strong></span> <span class='ocrx_word' id='word_1_189' title='bbox 459 3333 631 3417; x_wconf 67' lang='lat' dir='ltr'><strong>Tempdrrli</strong></span> <span class='ocrx_word' id='word_1_190' title='bbox 693 3330 875 3411; x_wconf 88' lang='lat' dir='ltr'><strong>hospitalis</strong></span> <span class='ocrx_word' id='word_1_191' title='bbox 891 3330 1169 3394; x_wconf 86' lang='lat' dir='ltr'><strong>Teutonieorum.</strong></span> 
     </span>
     <span class='ocr_line' id='line_1_27' title="bbox 264 3454 1099 3542; baseline -0.006 -22"><span class='ocrx_word' id='word_1_192' title='bbox 264 3459 271 3468; x_wconf 85' lang='lat'>&#39;</span> <span class='ocrx_word' id='word_1_193' title='bbox 293 3458 369 3532; x_wconf 86' lang='grc'><strong>333,</strong></span> <span class='ocrx_word' id='word_1_194' title='bbox 386 3458 438 3532; x_wconf 79' lang='grc'><strong>23,</strong></span> <span class='ocrx_word' id='word_1_195' title='bbox 454 3457 557 3542; x_wconf 71' lang='lat' dir='ltr'><strong>rapior</strong></span> <span class='ocrx_word' id='word_1_196' title='bbox 693 3454 806 3536; x_wconf 83' lang='lat' dir='ltr'><strong>regias</strong></span> <span class='ocrx_word' id='word_1_197' title='bbox 821 3454 878 3517; x_wconf 89' lang='lat' dir='ltr'><strong>vel</strong></span> <span class='ocrx_word' id='word_1_198' title='bbox 896 3454 1099 3535; x_wconf 77' lang='lat' dir='ltr'><strong>imperiales</strong></span> 
     </span>
     <span class='ocr_line' id='line_1_28' title="bbox 292 3577 1096 3659; baseline -0.005 -18"><span class='ocrx_word' id='word_1_199' title='bbox 292 3619 343 3630; x_wconf 91' lang='lat'><em>-</em></span> <span class='ocrx_word' id='word_1_200' title='bbox 387 3581 439 3655; x_wconf 79' lang='lat'><strong>25,</strong></span> <span class='ocrx_word' id='word_1_201' title='bbox 455 3600 534 3643; x_wconf 79' lang='lat' dir='ltr'><strong>curo</strong></span> <span class='ocrx_word' id='word_1_202' title='bbox 693 3597 777 3643; x_wconf 89' lang='lat' dir='ltr'><strong>auro</strong></span> <span class='ocrx_word' id='word_1_203' title='bbox 794 3577 910 3640; x_wconf 87' lang='lat' dir='ltr'><strong>obrizo</strong></span> <span class='ocrx_word' id='word_1_204' title='bbox 924 3579 1034 3659; x_wconf 90' lang='lat' dir='ltr'><strong>primo</strong></span> <span class='ocrx_word' id='word_1_205' title='bbox 1052 3585 1096 3639; x_wconf 93' lang='lat' dir='ltr'><strong>et.</strong></span> 
     </span>
    </p>
   </div>
   <div class='ocr_carea' id='block_1_4' title="bbox 292 3693 1393 4565">
    <p class='ocr_par' dir='ltr' id='par_1_4' title="bbox 292 3693 1393 4172">
     <span class='ocr_line' id='line_1_29' title="bbox 292 3693 1391 3778; baseline 0.008 -23"><span class='ocrx_word' id='word_1_206' title='bbox 292 3734 343 3745; x_wconf 91' lang='lat'>—</span> <span class='ocrx_word' id='word_1_207' title='bbox 387 3695 438 3769; x_wconf 87' lang='lat'><strong>31,</strong></span> <span class='ocrx_word' id='word_1_208' title='bbox 454 3693 590 3757; x_wconf 58' lang='lat' dir='ltr'><strong>menter</strong></span> <span class='ocrx_word' id='word_1_209' title='bbox 692 3702 729 3762; x_wconf 91' lang='lat' dir='ltr'><strong>in</strong></span> <span class='ocrx_word' id='word_1_210' title='bbox 755 3699 890 3761; x_wconf 89' lang='lat' dir='ltr'><strong>scriniis</strong></span> <span class='ocrx_word' id='word_1_211' title='bbox 918 3706 953 3761; x_wconf 93' lang='lat' dir='ltr'><strong>et</strong></span> <span class='ocrx_word' id='word_1_212' title='bbox 972 3698 1121 3778; x_wconf 89' lang='lat' dir='ltr'><strong>phaleris</strong></span> <span class='ocrx_word' id='word_1_213' title='bbox 1147 3706 1182 3760; x_wconf 89' lang='lat' dir='ltr'><strong>et</strong></span> <span class='ocrx_word' id='word_1_214' title='bbox 1211 3699 1287 3760; x_wconf 89' lang='lat' dir='ltr'><strong>aliis</strong></span> <span class='ocrx_word' id='word_1_215' title='bbox 1319 3720 1391 3764; x_wconf 91' lang='lat' dir='ltr'><strong>mu·</strong></span> 
     </span>
     <span class='ocr_line' id='line_1_30' title="bbox 456 3791 1391 3870; baseline 0.01 -18"><span class='ocrx_word' id='word_1_216' title='bbox 456 3791 640 3852; x_wconf 64' lang='lat' dir='ltr'><strong>moola...</strong></span> <span class='ocrx_word' id='word_1_217' title='bbox 713 3795 876 3857; x_wconf 91' lang='lat' dir='ltr'><strong>liebribus</strong></span> <span class='ocrx_word' id='word_1_218' title='bbox 919 3795 1140 3870; x_wconf 79' lang='lat' dir='ltr'><strong>ornamentiS,</strong></span> <span class='ocrx_word' id='word_1_219' title='bbox 1181 3815 1314 3858; x_wconf 89' lang='lat' dir='ltr'><strong>necnon</strong></span> <span class='ocrx_word' id='word_1_220' title='bbox 1356 3799 1391 3861; x_wconf 91' lang='lat' dir='ltr'><strong>in</strong></span> 
     </span>
     <span class='ocr_line' id='line_1_31' title="bbox 457 3892 1391 3977; baseline 0.012 -28"><span class='ocrx_word' id='word_1_221' title='bbox 457 3907 493 3949; x_wconf 77' lang='lat' dir='ltr'><strong>aa</strong></span> <span class='ocrx_word' id='word_1_222' title='bbox 517 3897 641 3973; x_wconf 72' lang='lat' dir='ltr'><strong>carpento</strong></span> <span class='ocrx_word' id='word_1_223' title='bbox 713 3893 855 3976; x_wconf 90' lang='lat' dir='ltr'><strong>copioso</strong></span> <span class='ocrx_word' id='word_1_224' title='bbox 886 3892 1047 3956; x_wconf 91' lang='lat' dir='ltr'><strong>thesauro</strong></span> <span class='ocrx_word' id='word_1_225' title='bbox 1072 3894 1146 3955; x_wconf 90' lang='lat' dir='ltr'><strong>auri</strong></span> <span class='ocrx_word' id='word_1_226' title='bbox 1181 3900 1215 3956; x_wconf 89' lang='lat' dir='ltr'><strong>et</strong></span> <span class='ocrx_word' id='word_1_227' title='bbox 1245 3897 1391 3977; x_wconf 84' lang='lat' dir='ltr'><strong>argenti,</strong></span> 
     </span>
     <span class='ocr_line' id='line_1_32' title="bbox 449 3987 1390 4074; baseline 0.009 -25"><span class='ocrx_word' id='word_1_228' title='bbox 449 3987 543 4068; x_wconf 76' lang='lat' dir='ltr'><strong>suere</strong></span> <span class='ocrx_word' id='word_1_229' title='bbox 564 4009 629 4072; x_wconf 84' lang='lat' dir='ltr'><strong>pu·</strong></span> <span class='ocrx_word' id='word_1_230' title='bbox 713 3998 748 4056; x_wconf 90' lang='lat' dir='ltr'><strong>et</strong></span> <span class='ocrx_word' id='word_1_231' title='bbox 770 3992 879 4074; x_wconf 72' lang='lat' dir='ltr'><strong>aquia,</strong></span> <span class='ocrx_word' id='word_1_232' title='bbox 904 3999 939 4055; x_wconf 93' lang='lat' dir='ltr'><strong>et</strong></span> <span class='ocrx_word' id='word_1_233' title='bbox 964 3993 1139 4068; x_wconf 87' lang='lat' dir='ltr'><strong>comitatu,</strong></span> <span class='ocrx_word' id='word_1_234' title='bbox 1164 4013 1242 4074; x_wconf 86' lang='lat' dir='ltr'><strong>quae</strong></span> <span class='ocrx_word' id='word_1_235' title='bbox 1271 3995 1390 4057; x_wconf 90' lang='lat' dir='ltr'><strong>oculos</strong></span> 
     </span>
     <span class='ocr_line' id='line_1_33' title="bbox 458 4084 1393 4172; baseline 0.009 -23"><span class='ocrx_word' id='word_1_236' title='bbox 458 4084 578 4150; x_wconf 50' lang='lat' dir='ltr'><strong>mame</strong></span> <span class='ocrx_word' id='word_1_237' title='bbox 712 4091 919 4155; x_wconf 89' lang='lat' dir='ltr'><strong>intuentium</strong></span> <span class='ocrx_word' id='word_1_238' title='bbox 943 4111 1063 4172; x_wconf 90' lang='lat' dir='ltr'><strong>rapere</strong></span> <span class='ocrx_word' id='word_1_239' title='bbox 1098 4091 1209 4154; x_wconf 90' lang='lat' dir='ltr'><strong>solent</strong></span> <span class='ocrx_word' id='word_1_240' title='bbox 1241 4094 1275 4153; x_wconf 94' lang='lat' dir='ltr'><strong>in</strong></span> <span class='ocrx_word' id='word_1_241' title='bbox 1310 4112 1393 4156; x_wconf 90' lang='lat' dir='ltr'><strong>eon·</strong></span> 
     </span>
    </p>

    <p class='ocr_par' dir='ltr' id='par_1_5' title="bbox 713 4190 1391 4565">
     <span class='ocr_line' id='line_1_34' title="bbox 713 4190 1389 4272; baseline 0.004 -20"><span class='ocrx_word' id='word_1_242' title='bbox 713 4191 971 4272; x_wconf 88' lang='lat' dir='ltr'><strong>cupiscentiam,</strong></span> <span class='ocrx_word' id='word_1_243' title='bbox 1023 4197 1062 4252; x_wconf 90' lang='lat' dir='ltr'><strong>ut</strong></span> <span class='ocrx_word' id='word_1_244' title='bbox 1099 4190 1198 4271; x_wconf 91' lang='lat' dir='ltr'><strong>quasi</strong></span> <span class='ocrx_word' id='word_1_245' title='bbox 1239 4191 1389 4270; x_wconf 90' lang='lat' dir='ltr'><strong>impreti-</strong></span> 
     </span>
     <span class='ocr_line' id='line_1_35' title="bbox 714 4288 1391 4363; baseline 0 -11"><span class='ocrx_word' id='word_1_246' title='bbox 714 4288 818 4352; x_wconf 89' lang='lat' dir='ltr'><strong>abilia</strong></span> <span class='ocrx_word' id='word_1_247' title='bbox 845 4288 1052 4363; x_wconf 83' lang='lat' dir='ltr'><strong>viderentur,</strong></span> <span class='ocrx_word' id='word_1_248' title='bbox 1079 4307 1147 4350; x_wconf 94' lang='lat' dir='ltr'><strong>non</strong></span> <span class='ocrx_word' id='word_1_249' title='bbox 1174 4295 1308 4351; x_wconf 90' lang='lat' dir='ltr'><strong>tantum</strong></span> <span class='ocrx_word' id='word_1_250' title='bbox 1333 4309 1391 4352; x_wconf 92' lang='lat' dir='ltr'><strong>co-</strong></span> 
     </span>
     <span class='ocr_line' id='line_1_36' title="bbox 713 4385 1391 4467; baseline 0.001 -19"><span class='ocrx_word' id='word_1_251' title='bbox 713 4387 821 4467; x_wconf 90' lang='lat' dir='ltr'><strong>piose,</strong></span> <span class='ocrx_word' id='word_1_252' title='bbox 834 4386 894 4448; x_wconf 89' lang='lat' dir='ltr'><strong>sed</strong></span> <span class='ocrx_word' id='word_1_253' title='bbox 909 4385 1203 4466; x_wconf 87' lang='lat' dir='ltr'><strong>superaffluenter,</strong></span> <span class='ocrx_word' id='word_1_254' title='bbox 1215 4385 1391 4451; x_wconf 90' lang='lat' dir='ltr'><strong>ditabatur</strong></span> 
     </span>
     <span class='ocr_line' id='line_1_37' title="bbox 714 4482 1389 4565; baseline 0.006 -19"><span class='ocrx_word' id='word_1_255' title='bbox 714 4485 757 4546; x_wconf 90' lang='lat' dir='ltr'><strong>ab</strong></span> <span class='ocrx_word' id='word_1_256' title='bbox 773 4482 903 4565; x_wconf 82' lang='lat' dir='ltr'><strong>Anglia</strong></span> <span class='ocrx_word' id='word_1_257' title='bbox 919 4503 1106 4547; x_wconf 88' lang='lat' dir='ltr'><strong>recessura.</strong></span> <span class='ocrx_word' id='word_1_258' title='bbox 1160 4485 1256 4549; x_wconf 88' lang='lat' dir='ltr'><strong>Vasa</strong></span> <span class='ocrx_word' id='word_1_259' title='bbox 1285 4487 1389 4550; x_wconf 84' lang='lat' dir='ltr'><strong>etiarn</strong></span> 
     </span>
    </p>
   </div>
   <div class='ocr_carea' id='block_1_5' title="bbox 0 0 1696 5625">
    <p class='ocr_par' dir='ltr' id='par_1_6' title="bbox 0 0 1696 5625">
     <span class='ocr_line' id='line_1_38' title="bbox 0 0 1696 5625; baseline 0 4"><span class='ocrx_word' id='word_1_260' title='bbox 0 0 1696 5625; x_wconf 95' lang='lat' dir='ltr'><strong> </strong></span> 
     </span>
    </p>
   </div>
  </div>
 </body>
</html>
