3384 5625
631 774 829 822 nucrronns
858 777 990 824 varis.
1347 766 1370 830 3

265 957 450 1021 multorum
480 957 645 1039 reliquias
673 978 711 1021 se
743 958 892 1022 fideliter
921 959 964 1022 ad
989 960 1159 1041 quendam
1184 963 1365 1028 terminum

264 1058 525 1139 completurum.
581 1056 698 1122 Tanto
730 1058 838 1139 igitur
868 1059 992 1142 maj0ri
1024 1060 1153 1125 honore
1182 1072 1366 1145 susceptus

264 1164 328 1233 est,
358 1166 490 1240 quanto
522 1158 688 1221 secretius
718 1158 961 1238 adventasset3
995 1159 1132 1224 fuerant
1162 1163 1252 1225 enim
1282 1172 1364 1228 aute

263 1256 390 1320 inimici
419 1257 463 1320 ad
496 1258 654 1321 invicem.
705 1256 849 1321 Juravit
873 1259 1014 1341 insuper
1042 1280 1081 1323 se
1107 1269 1188 1342 post
1216 1272 1360 1327 mortem

262 1357 353 1437 regis
370 1356 545 1432 Edwardi,
569 1357 628 1438 qni
645 1356 721 1440 jam
746 1357 862 1421 senuit
879 1358 954 1421 sine
975 1358 1105 1436 liberiS,
1127 1380 1272 1442 regnum
1288 1361 1362 1426 An-

260 1454 340 1536 gliae
361 1456 452 1533 duci,
469 1457 530 1539 qni
549 1457 585 1518 in
611 1475 755 1537 regnum
772 1456 833 1540 jus
854 1457 986 1533 habuit,
1011 1458 1159 1524 fideliter
1179 1480 1361 1526 conserva·

260 1561 385 1620 turum.
438 1556 695 1620 Consummatis
712 1556 819 1637 igitur
844 1556 977 1638 aliquot
993 1557 1114 1621 diebus
1130 1578 1206 1622 cum
1224 1581 1360 1626 summa

259 1653 392 1731 laetitia,
421 1656 545 1738 amplis
574 1656 774 1719 muneribus
797 1654 928 1719 ditatus
949 1657 986 1719 in
1011 1655 1176 1739 Angliam
1200 1679 1359 1724 reversus

142 1809 146 1821 .
259 1763 312 1818 est
326 1753 519 1835 Haraldns;
542 1754 602 1818 sed
626 1775 702 1817 cum
726 1756 763 1819 in
786 1762 862 1817 tuto
885 1757 1153 1820 constitueretur
1167 1758 1357 1841 jactitabat

259 1872 296 1916 se
320 1854 465 1937 laqueos
495 1856 647 1919 evasisse
672 1853 827 1930 hostiles,
853 1854 996 1936 perjurii
1021 1856 1148 1919 crimen
1179 1858 1357 1939 elegendo.

258 1951 473 2018 Adveniente
488 1955 596 2036 igitur
613 1954 771 2030 termino,
790 1973 858 2035 quo
871 1962 998 2017 cuncta
1013 1956 1177 2037 compleri
1194 1957 1356 2023 deberent

258 2054 436 2134 promissa,
460 2062 496 2118 et
519 2054 594 2137 jam
618 2054 749 2135 elapso,
774 2053 859 2115 nihil
882 2053 975 2117 fecit.
1029 2054 1129 2119 Misit
1149 2057 1256 2138 igitur
1282 2057 1354 2122 dux

258 2152 394 2216 adeum
417 2153 556 2217 nuntios
575 2153 747 2229 solenneS,
773 2171 914 2216 causam
938 2173 1116 2235 qnaerens3
1144 2156 1204 2219 sed
1224 2156 1354 2222 Haral-

256 2251 321 2315 dus
335 2252 484 2315 mendax
505 2260 541 2316 et
557 2253 738 2334 superbus
753 2253 869 2315 omnia
883 2253 1072 2334 praelocuta
1088 2256 1280 2335 procaciter
1293 2257 1352 2320 de-

255 2352 426 2432 negando,
444 2353 584 2415 nuntios
607 2353 754 2434 turpiter
773 2352 964 2428 lacessitos
980 2352 1149 2435 jumentis
1172 2356 1352 2435 mutilatis,

254 2451 393 2515 remisit.
445 2452 530 2515 Dux
556 2452 664 2533 igitur
687 2451 810 2515 merito
839 2460 1060 2533 provocatus,
1094 2473 1210 2535 regem
1244 2456 1354 2519 Fran-

255 2569 383 2627 corum,
409 2558 445 2615 et
469 2571 588 2615 omnes
613 2551 756 2627 vicinos,
780 2558 954 2633 parentes,
981 2559 1017 2614 et
1041 2553 1170 2618 amicos
1197 2574 1279 2619 suos
1306 2556 1350 2619 ad

255 2649 419 2713 ultionem
448 2657 557 2714 tantae
584 2650 722 2733 injuriae
747 2651 936 2728 excitavit3
967 2649 1028 2713 sed
1050 2651 1122 2714 dux
1140 2652 1350 2732 Willelmus,

254 2748 403 2814 Domino
420 2749 585 2814 ultionem
603 2750 764 2834 juvante,
780 2749 958 2832 Angliam,
981 2750 1057 2831 ipso
1076 2751 1237 2830 contrito,
1259 2753 1350 2819 sicut

252 2850 465 2932 subsequens
482 2859 600 2914 narrat
617 2850 773 2926 historia,
791 2850 857 2913 sibi
870 2850 1087 2931 conquisivit.

301 2947 406 3013 Anno
435 2950 557 3030 gratiae
588 2949 769 3012 millesimo
804 2949 1022 3029 sexagesimo
1051 2955 1152 3014 sexto
1184 2951 1349 3032 pacificus

250 3065 314 3110 rex
342 3048 546 3125 Edwardus,
565 3045 759 3130 Anglorum
781 3048 898 3124 decus,
927 3049 1018 3129 regis
1044 3048 1220 3112 Ethelredi
1245 3049 1348 3128 filius,

250 3152 435 3229 postquam
466 3147 591 3229 viginti
621 3154 771 3229 quatuor
805 3147 906 3210 annis
936 3155 1127 3228 regnasset,
1161 3149 1197 3211 in
1229 3149 1349 3230 vigilia

250 3245 453 3328 Epiphaniae
482 3246 637 3323 Domini,
662 3246 750 3310 feria
778 3247 913 3328 quinta,
939 3265 1002 3328 pro
1033 3265 1140 3327 regno
1169 3249 1350 3330 temporali

250 3346 475 3409 commutavit
503 3352 680 3409 aeternum.
734 3344 929 3408 Defunctus
956 3352 1072 3407 autem
1105 3365 1167 3408 rex
1191 3347 1348 3410 beatissi-

249 3463 337 3521 mus
354 3445 390 3508 in
412 3445 564 3509 crastino
583 3444 740 3527 sepultus
766 3451 820 3507 est
837 3443 998 3519 Londini,
1016 3444 1052 3505 in
1072 3442 1229 3519 ecclesia,
1245 3463 1348 3524 quam

249 3543 323 3625 ipse
340 3563 431 3608 novo
448 3545 706 3627 compositionis
723 3562 849 3626 genere
868 3548 1123 3619 construxerat,
1142 3561 1164 3605 a
1181 3559 1252 3624 qua
1268 3550 1349 3623 post

250 3643 349 3707 multi
364 3644 527 3708 ecclesias
542 3650 792 3719 construentes,
806 3642 1001 3724 exemplum
1014 3642 1143 3724 adepti,
1159 3660 1247 3724 opus
1261 3641 1347 3706 illud

249 3744 411 3825 expensis
428 3743 679 3807 aemulabantur
696 3742 919 3825 sumptuosis.
957 3740 1001 3803 In
1020 3740 1085 3804 hoc
1102 3740 1249 3823 denique
1267 3760 1347 3822 rege

249 3841 341 3905 linea
355 3861 473 3924 regum
490 3841 630 3924 Angliae
646 3840 782 3918 defecit,
796 3860 874 3922 quae
892 3859 914 3902 a
931 3837 1088 3902 Cerdicio
1106 3840 1216 3922 primo
1229 3839 1347 3904 West·

251 3959 421 4004 saxonum
439 3961 532 4022 rege,
555 3961 600 4004 ex
616 3941 751 4022 AngliS,
775 3937 973 4022 quingentis
990 3945 1024 4000 et
1042 3939 1264 4020 septuaginta
1278 3959 1346 4003 uno

249 4039 349 4102 annis
368 4060 437 4103 nou
458 4040 586 4122 legitur
604 4040 808 4121 interrupta,
828 4045 954 4121 praeter
974 4055 1104 4118 paucos
1123 4037 1256 4112 Danos,
1274 4039 1345 4119 qui,

249 4139 400 4220 peccatis
415 4139 633 4220 exigentibus
653 4140 765 4220 gentis
781 4137 989 4219 Anglorum,
1008 4135 1208 4217 aliquandiu
1225 4155 1346 4216 regna-

248 4247 384 4302 verunt.
424 4238 598 4301 Defuncto
614 4239 733 4319 itaque
751 4235 923 4300 Edwardo
940 4233 1132 4315 Anglorum
1149 4253 1230 4315 rege
1246 4253 1346 4297 sanc·

247 4337 393 4414 tissimo,
413 4337 449 4398 in
469 4356 537 4418 quo
558 4337 650 4401 linea
677 4356 796 4418 regum
813 4333 953 4416 Angliae
971 4333 1107 4410 defecit,
1130 4333 1346 4399 fluctuabant

246 4455 406 4518 proceres
426 4437 523 4516 regni
548 4456 648 4518 quem
672 4437 707 4498 in
731 4454 847 4516 regem
874 4433 1087 4516 praeficerent
1110 4441 1144 4497 et
1166 4440 1344 4498 rectorem.

247 4534 397 4613 Quidam
427 4535 517 4597 enim
552 4535 740 4612 Willelmo,
773 4535 1054 4598 Normannorum
1086 4531 1177 4609 duci,
1206 4531 1344 4614 quidam

1159 4645 1206 4688 1³2
