3384 5625
626 788 826 836 anemonas
849 790 982 837 viarm.
1290 775 1356 840 245

254 970 346 1034 sicut
361 970 558 1048 necessitati
572 967 721 1036 viderint
738 967 920 1054 expedire3
946 992 986 1035 eo
1010 993 1143 1056 semper
1165 974 1275 1050 salvo,
1300 982 1352 1050 ut,

255 1070 345 1133 sicut
361 1070 491 1134 dictum
507 1078 572 1147 est,
590 1071 749 1135 denarios
767 1072 821 1134 vel
839 1073 1021 1154 pecuniam
1037 1093 1104 1136 non
1122 1073 1299 1155 recipiant.

640 1236 689 1299 Dc
703 1235 790 1299 modo
805 1235 981 1301 laborandi.

307 1363 473 1431 ‘Fratres
490 1367 552 1443 illi,
567 1367 692 1449 quibus
704 1368 852 1448 gratiam
869 1368 965 1432 dedit
976 1368 1146 1431 Dominus
1163 1369 1353 1443 laborandi,

257 1464 414 1530 laborent
435 1465 580 1530 fideliter
603 1474 638 1530 et
655 1466 791 1542 devote,
813 1469 863 1530 ita
885 1468 1028 1544 scilicet,
1047 1475 1086 1531 ut
1101 1468 1243 1531 excluso
1267 1468 1351 1544 otio,

257 1564 379 1627 animae
406 1565 556 1641 inimico,
579 1573 709 1629 sanctae
732 1567 899 1630 orationis
922 1573 957 1629 et
978 1566 1169 1631 devotionis
1194 1567 1351 1648 spiritum

257 1683 325 1726 non
343 1664 562 1746 extinguant,
587 1667 642 1729 cui
666 1666 791 1729 debent
804 1674 930 1730 caetera
948 1666 1152 1747 temporalia
1167 1665 1352 1729 deservire.

259 1762 312 1825 De
329 1764 486 1827 mercede
497 1784 579 1828 vero
604 1765 742 1840 laboris,
769 1784 831 1847 pro
856 1784 893 1828 se
919 1765 1059 1846 suisque
1081 1764 1256 1840 fratribus,
1282 1783 1354 1828 cor-

257 1863 351 1942 poris
365 1864 559 1943 necessaria
576 1864 755 1946 recipiant,
770 1871 896 1946 praeter
911 1864 1071 1953 denarios
1087 1864 1143 1928 vel
1156 1865 1352 1947 pecuniam3

258 1967 293 2023 et
310 1960 375 2024 hoc
397 1961 583 2038 humiliter,
608 1963 699 2027 sicut
720 1963 818 2027 decet
839 1982 959 2027 servos
981 1962 1060 2040 Dei,
1084 1971 1119 2027 et
1141 1961 1355 2046 paupertatis

254 2059 485 2125 sanctissimae
503 2069 704 2126 sectatores

547 2227 680 2291 Fratres
696 2227 779 2291 attic
790 2226 920 2291 debeant
930 2228 1069 2313 proprii.

253 2396 257 2400 -
308 2358 476 2422 ‘Fratres
504 2357 589 2421 nihil
610 2360 676 2424 sibi
698 2360 932 2441 appropriant,
958 2380 1020 2424 nec
1044 2360 1194 2438 domum,
1218 2380 1282 2424 neo
1306 2360 1354 2423 lo-

256 2476 345 2534 cum,
361 2476 425 2521 nec
442 2457 593 2539 aliquam
612 2479 682 2522 rem
700 2479 708 2537 ;
732 2467 767 2523 et
782 2466 946 2541 tanquam
973 2459 1144 2541 peregrini
1161 2466 1196 2524 et
1212 2459 1354 2524 advenae

257 2556 293 2617 in
329 2556 393 2620 hoc
432 2557 562 2634 seculo,
598 2556 634 2620 in
671 2565 877 2640 paupertate
910 2566 946 2622 et
977 2558 1170 2622 humilitate
1202 2557 1353 2622 Domino

256 2654 477 2733 famulantes,
509 2656 638 2722 vadant
669 2677 731 2739 pro
765 2657 982 2739 eleemosyna
1008 2657 1225 2720 confidenter.
1280 2657 1355 2719 Nec

257 2760 395 2837 oportet
427 2774 486 2819 eos
519 2756 755 2834 verecundari,
785 2757 868 2838 quia
897 2754 1067 2819 Dominus
1097 2775 1159 2838 pro
1189 2754 1288 2819 nobis
1317 2774 1355 2820 se
1399 2838 1407 2853 Ι

257 2853 339 2917 fecit
361 2856 545 2938 pauperem
572 2856 608 2918 in
634 2856 699 2920 hoc
726 2856 867 2919 mundo.
920 2854 1010 2919 Haec
1034 2862 1088 2919 est
1108 2855 1170 2918 illa
1185 2854 1353 2918 celsitudo

257 2952 435 3030 altissimae
457 2956 673 3037 paupertatis
688 2975 766 3037 quae
781 2973 857 3031 vos,
884 2954 1080 3018 carissimos
1103 2954 1227 3018 fratres
1249 2972 1355 3031 meos,

257 3051 461 3117 haeredes‘et
476 3072 575 3134 reges
592 3054 688 3134 regni
704 3054 867 3117 caelorum
885 3053 1048 3130 instituit,
1066 3072 1235 3136 pauperes
1253 3054 1355 3117 rebus

255 3151 349 3227 fecit,
364 3151 549 3216 virtutibus
563 3152 787 3231 sublimavit;
810 3153 885 3216 haec
913 3153 959 3215 sit
981 3154 1094 3234 portio
1120 3160 1249 3228 nostra,
1275 3171 1354 3234 quae

255 3250 413 3332 perducit
439 3251 475 3315 in
499 3258 625 3314 terram
648 3251 857 3329 viventium3
884 3251 951 3327 cui,
976 3251 1189 3314 dilectissimi
1214 3251 1351 3326 fratres,

258 3350 413 3413 totaliter
428 3350 647 3425 inhaerentes,
663 3349 747 3412 nihil
765 3349 858 3413 aliud
876 3356 939 3430 pro
958 3351 1096 3413 nomine
1114 3349 1254 3412 Domini
1276 3368 1354 3411 nos-

259 3449 303 3510 tri
325 3448 348 3511 J
351 3467 412 3511 esu
431 3448 561 3514 Christi
578 3449 615 3512 in
639 3456 842 3531 perpetuum
869 3448 934 3511 sub
959 3448 1044 3511 caelo
1072 3447 1199 3510 habere
1218 3446 1353 3511 valetis.

259 3546 306 3610 Et
322 3548 515 3630 ubicunque
537 3556 620 3612 sunt
636 3555 672 3612 et
688 3567 726 3612 se
743 3547 934 3611 invenerint
956 3545 1090 3622 fratres,
1114 3545 1299 3610 ostendant
1319 3565 1357 3609 se

258 3643 465 3710 domesticos
480 3648 626 3711 invicem
646 3648 736 3710 inter
755 3666 804 3724 se,
831 3652 866 3710 et
887 3664 1006 3709 secure
1029 3645 1251 3709 manifestent
1268 3663 1357 3708 unus

220 3817 235 3830 α
260 3745 361 3808 alteri
376 3747 615 3810 necessitatem
633 3765 754 3827 suam3
777 3745 907 3828 quiesi
924 3753 1034 3809 mater
1051 3745 1161 3810 nutrit
1183 3751 1219 3809 et
1244 3743 1357 3824 diligit

258 3843 367 3913 filium
395 3865 494 3909 suum
525 3846 711 3922 carnalem,
744 3852 874 3928 quanto
906 3844 1106 3926 diligentius
1142 3845 1244 3908 debet
1279 3843 1358 3924 quis

259 3943 363 4006 etiam
393 3945 524 4008 nutrire
555 3944 696 4008 fratrem
729 3963 829 4007 suum
854 3944 1096 4025 spiritualem?
1148 3943 1195 4006 Et
1226 3941 1256 4004 si
1281 3942 1358 4023 quis

253 4042 377 4104 eorum
401 4041 437 4105 in
467 4043 701 4106 infirmitatem
724 4041 897 4114 ceciderit,
924 4042 983 4104 alii
1010 4042 1135 4105 fratres
1160 4040 1286 4105 debent
1307 4039 1359 4102 illi

258 4141 398 4218 servire,
414 4141 505 4206 sieut
519 4141 649 4206 vellent
665 4140 731 4204 sibi
748 4139 881 4203 serviri.

496 4305 546 4369 De
553 4304 738 4390 poenitentia
746 4301 909 4387 fratribus
926 4301 1122 4386 reponenda.

307 4438 368 4502 ‘Si
382 4438 460 4520 quis
475 4438 633 4513 fratrum,
649 4436 837 4517 instigante
854 4433 1005 4510 inimico,
1029 4433 1221 4498 mortaliter
1237 4455 1359 4517 pecca·

258 4538 359 4615 verit,
383 4558 446 4620 pro
462 4538 532 4603 illis
551 4535 703 4621 peccatis
720 4535 763 4598 de
782 4534 908 4616 quibus
931 4532 1125 4597 ordinatum
1150 4532 1254 4598 fuerit
1270 4536 1360 4598 inter
