3384 5625
668 791 869 839 nncrronss
894 791 1027 840 vnnnn.
1331 778 1396 843 221

343 973 512 1054 provehat
536 982 570 1038 et
594 981 771 1039 oeternum.
825 975 872 1038 Et
890 976 973 1057 quia
997 993 1110 1038 mores
1132 975 1244 1039 solent
1267 995 1289 1038 a
1316 996 1395 1040 con-

343 1073 439 1137 victu
462 1074 614 1152 formeri,
644 1075 830 1137 familiares
861 1075 988 1139 habere
1012 1074 1152 1137 studeas
1180 1076 1341 1157 providos
1361 1083 1397 1140 et

344 1171 518 1251 honestos
534 1175 605 1257 qui,
621 1174 769 1237 salutem
790 1181 826 1237 et
840 1173 1003 1238 honorem
1020 1181 1115 1237 tuum
1135 1175 1265 1238 sincere
1282 1176 1398 1238 zelan-

344 1277 409 1347 tes,
433 1292 474 1336 ea
491 1274 554 1337 tibi
577 1273 723 1336 fideliter
745 1273 940 1351 consulant,
963 1294 1041 1357 quae
1060 1274 1136 1337 Deo
1154 1282 1190 1337 et
1202 1273 1395 1338 hominibus

344 1370 492 1435 debeant
506 1372 744 1455 complacere!

292 1510 351 1548 PAO.
432 1533 439 1548 ·

294 1569 348 1648 37,
385 1512 439 1650 lilii,
451 1574 571 1639 Hisr‘tn
580 1596 644 1659 yes-
696 1574 834 1638 Interea
854 1575 1030 1655 temporis.

461 1675 501 1738 tis

292 1839 343 1850 —
388 1800 439 1874 25,
456 1799 555 1863 tnnn‘s
693 1804 797 1862 terra.

293 1965 344 1975 —
389 1919 442 1997 27,
460 1921 613 2005 Orneifine’
696 1916 836 1982 Christi.

292 2083 345 2094 -
388 2049 439 2123 30,
457 2046 631 2130 eirennfln·
696 2040 967 2106 circumfluenta.

442 2140 645 2230 entisnnpor-

445 2246 606 2309 twnitatem

294 2370 346 2445 38,
385 2370 438 2444 13,
455 2368 509 2432 aad
525 2415 556 2431 ,,
576 2415 584 2433 ,
605 2369 645 2433 ι,-
696 2378 842 2441 quorum
866 2360 999 2424 animas
1017 2361 1112 2444 pium
1135 2369 1188 2426 est
1205 2365 1342 2428 credere
1364 2362 1400 2426 in

459 2469 546 2532 eavit
717 2458 840 2522 caelum
858 2459 1042 2525 sublevari.

293 2624 344 2634 ..
388 2591 442 2665 28,
451 2590 596 2674 fecerum
695 2582 899 2646 intulerunt.

292 2754 344 2765 ..
388 2715 441 2787 32,
463 2712 645 2778 detrimenta
695 2703 787 2766 addit
804 2703 931 2780 Paris,
948 2706 1048 2768 Tunc
1070 2705 1174 2769 etiam
1197 2707 1281 2770 obiit
1306 2706 1397 2770 lont-

718 2804 859 2884 gravius
885 2804 1098 2887 Thnringiae‚
1125 2804 1178 2868 vir
1205 2805 1336 2871 seilicet
1362 2806 1395 2870 S.

720 2903 911 2969 Elisabeth.

293 3076 344 3086 -
388 3035 440 3110 35,
447 3034 581 3097 Domino
595 3035 644 3098 de.
696 3028 900 3092 necessitate
917 3029 1118 3092 industriam
1139 3028 1292 3092 docente.

459 3143 646 3197 monstrante

293 3294 344 3306 —
389 3256 441 3330 36,
457 3276 488 3317 eo
505 3254 637 3319 densante
695 3249 813 3312 deson.

295 3381 347 3454 39,
408 3381 440 3454 3,
456 3380 578 3442 etsocie
590 3426 644 3444 ...
695 3372 812 3436 desunt.

454 3477 647 3562 prohibentes

294 3639 345 3650 —-
409 3601 442 3672 8,
460 3599 636 3662 collocantes
695 3595 785 3659 deest.

294 3761 344 3772 -
412 3724 442 3798 9,
455 3724 646 3806 per..Grae·
695 3719 813 3785 deseret.

460 3843 530 3884 enrn

293 3987 344 3998 —
388 3946 442 4021 34,
457 3945 633 4009 encrenisset
696 3943 908 4007 inundasset.

295 4069 350 4144 40,
411 4070 442 4142 4,
459 4068 542 4132 letne
695 4065 804 4130 littus

295 4232 345 4244 -
389 4193 441 4268 20,
457 4190 629 4354 {irrorant-
695 4190 784 4253 deest.

478 4312 514 4354 ns

295 4416 350 4488 41,
389 4416 440 4492 11,
457 4436 516 4499 qno
699 4409 768 4474 tale
785 4409 890 4492 quali.

295 4579 345 4589 —
390 4541 442 4615 35,
460 4546 623 4621 ntrnrnqne
698 4533 846 4599 interim.
