3384 5625
667 780 867 854 unorronns
891 781 1024 828 vnnrm.
1329 765 1391 830 281

343 966 545 1048 postposita,
569 966 816 1047 compescatis3
840 966 1048 1047 alioquinin
1066 972 1220 1028 extremo
1236 967 1394 1029 examine

343 1067 385 1130 de
399 1066 558 1129 manibus
570 1066 694 1129 vestris
706 1065 861 1147 requirat
875 1085 992 1128 corum
1008 1064 1210 1145 sanguinem
1223 1064 1393 1131 Dominus
1452 1125 1456 1134 ,

343 1166 525 1231 ultionum.
566 1164 669 1243 Quod
687 1166 717 1227 si
735 1184 803 1228 non
821 1184 939 1227 omnes
957 1163 1009 1226 his
1027 1164 1255 1247 exsequendis
1270 1166 1394 1247 poteri-

344 1267 389 1328 tis
406 1267 583 1342 interesse,
601 1266 669 1327 duo
687 1271 839 1328 vestrum
858 1264 1079 1328 nihilominus
1094 1283 1136 1328 ea
1149 1272 1393 1347 exsequantur.

345 1365 463 1442 Data,'
475 1372 510 1428 et
521 1371 656 1428 caetera.
695 1363 854 1427 Mandati
868 1364 974 1445 igitur
988 1364 1092 1448 hujus
1103 1372 1323 1429 exsecutores
1338 1384 1395 1429 ve

343 1465 548 1541 hementiuS,
574 1471 610 1527 et
632 1483 730 1526 secus
756 1483 859 1545 quam
883 1463 1030 1539 deceret,
1051 1483 1089 1528 se
1110 1465 1222 1547 primo
1238 1465 1274 1527 in
1293 1466 1394 1529 abba-

343 1566 427 1628 tiam
443 1565 554 1628 sancti
571 1562 760 1645 Augustini
779 1562 1038 1627 Cantuariensis
1059 1564 1266 1644 ingerentes,
1289 1584 1394 1647 seque

344 1683 449 1746 supra
480 1684 517 1727 se
549 1664 775 1744 incomposite
801 1662 992 1739 efferentes
1016 1664 1188 1746 praecipue
1217 1665 1324 1727 abbas
1351 1664 1393 1728 de

346 1764 469 1842 Boxle,
493 1764 579 1827 adeo
603 1762 788 1826 monachos
813 1770 1082 1844 perterruerunt,
1107 1764 1198 1845 quod
1219 1763 1262 1827 ad
1287 1783 1394 1826 reme·

343 1863 436 1927 dium
454 1863 695 1945 appellationis
718 1881 834 1925 coram
860 1863 1045 1943 praesentia
1065 1863 1193 1927 domini
1215 1883 1315 1946 papae
1333 1884 1392 1928 ne-

343 1964 492 2028 cessario
511 1963 761 2044 confugerunt3
786 1969 822 2025 et
842 1962 990 2025 Romam
1015 1961 1171 2044 profecti,
1190 1972 1394 2046 consumpto

343 2064 461 2126 labore
482 2071 518 2126 et
533 2062 641 2126 effusa
662 2062 817 2146 pecunia,
837 2061 924 2125 alios
943 2062 1138 2126 visitatores
1155 2063 1392 2145 impetrarunt.

344 2162 509 2225 Similiter
538 2170 572 2225 et
592 2162 643 2225 illi
665 2162 707 2225 de
725 2161 1047 2239 westmonasterio,
1073 2170 1109 2226 et
1127 2162 1178 2225 illi
1202 2162 1244 2225 de
1272 2170 1392 2227 sancto

348 2261 567 2341 AEdmundo;
591 2281 736 2344 quorum
761 2262 869 2324 abbas
891 2261 958 2342 piae
985 2262 1156 2325 memoriae
1185 2261 1393 2340 RicharduS,

343 2370 570 2442 cognomento
604 2361 647 2425 de
681 2360 814 2437 Insula,
843 2379 969 2442 genere
1001 2361 1115 2424 clarus
1146 2362 1205 2425 sed
1239 2363 1391 2426 moribus

345 2461 481 2537 clarior,
506 2461 586 2524 dum
619 2468 658 2525 ut
684 2467 841 2543 parceret
869 2461 1030 2542 expensis
1056 2462 1092 2523 in
1118 2462 1274 2543 partibus
1304 2483 1393 2526 com-

344 2581 480 2624 morans
507 2561 757 2636 transmarinis,
773 2560 866 2623 viam
892 2560 1069 2641 ingressus
1096 2568 1148 2623 est
1174 2562 1286 2623 carnis
1317 2563 1392 2624 uni-

343 2680 465 2723 versae.
510 2660 630 2725 Abbas
648 2680 730 2723 vero
746 2659 857 2722 sancti
870 2658 999 2723 Albani
1021 2666 1057 2723 et
1073 2666 1274 2735 conventus,
1289 2660 1393 2741 privi-

343 2760 510 2842 legiorum
525 2760 730 2837 eminentiis,
746 2759 871 2841 quibus
885 2758 1053 2840 insignita
1070 2767 1124 2823 cst
1139 2758 1283 2823 ecclesia
1299 2759 1391 2824 beati

344 2859 473 2925 Albani
495 2861 687 2942 Anglorum
711 2859 986 2941 protomartyris,
1011 2859 1209 2936 innitentes,
1233 2860 1389 2923 inducias

343 2961 447 3023 semel
465 2968 500 3024 et
516 2961 640 3024 iterum
655 2961 838 3042 petierunt.
878 2958 1022 3022 Interim
1040 2959 1106 3042 piae
1122 2960 1294 3023 memoriae
1306 2959 1394 3023 Wil-

342 3061 477 3137 lelmus,
492 3060 599 3123 abbas
615 3060 768 3144 ejusdcm
780 3059 914 3136 domus,
927 3059 1089 3123 sicutsuo
1102 3059 1179 3123 loco
1195 3068 1231 3123 et
1239 3067 1392 3142 tempore

342 3159 545 3238 dicetur,in
568 3161 729 3222 damnum
750 3178 913 3239 magnum
937 3166 972 3222 et
989 3159 1122 3222 ruinam
1140 3159 1294 3223 ecclesiae
1309 3179 1393 3237 suec,

344 3267 476 3323 naturae
493 3260 645 3323 debitum
661 3259 828 3342 persolvit
844 3258 1046 3321 mortalibus
1064 3257 1258 3324 diffinitum.

302 3399 358 3436 ruo.
382 3399 434 3437 mn.

293 3463 365 3536 263,
384 3464 435 3537 23,
453 3472 610 3525 coemeret
691 3467 872 3545 purgaret3
906 3462 978 3543 qui,
1006 3469 1085 3543 post
1108 3461 1234 3523 multos
1258 3460 1392 3523 labores

714 3569 749 3625 et
779 3561 1018 3642 spoliationem
1047 3562 1157 3626 obiter
1190 3567 1225 3622 et
1253 3579 1392 3623 emunc-

713 3661 841 3723 tionem
864 3660 1053 3724 loculorum
1075 3662 1111 3724 in
1128 3659 1236 3736 curia,
1253 3658 1390 3722 domum

712 3760 888 3825 remeavit.

293 3885 366 3958 264,
386 3885 436 3959 12,
444 3883 516 3965 filio
532 3883 596 3965 eyes
691 3903 771 3947 caro
788 3902 861 3946 suo.

294 4007 366 4081 265,
404 4007 435 4082 6,
447 4006 667 4090 querimoniam
692 4024 845 4069 causam.

293 4130 368 4202 266,
405 4132 436 4199 5,
452 4129 639 4192 decertarent
690 4128 835 4191 viriliter
852 4127 1076 4192 decertarent.

291 4294 341 4304 -
386 4255 440 4326 22,
455 4253 640 4316 cireeselem
691 4259 817 4335 praeter
839 4253 947 4315 solem
963 4249 1168 4330 naturalem,
1186 4251 1282 4314 rubei
1300 4253 1391 4317 colo-

456 4352 631 4415 eeterelem
714 4353 783 4429 ris3
807 4351 946 4434 quidam
964 4371 1111 4432 magnus
1132 4352 1279 4415 circulus
1297 4372 1391 4435 crys-

461 4450 640 4515 ...lelere
715 4451 826 4515 tallini
853 4451 989 4528 coloris,
1015 4451 1197 4515 latitudine
1219 4453 1317 4534 quasi
1342 4453 1393 4515 bi-

462 4560 514 4613 ter
715 4551 841 4633 pedali,
870 4551 1094 4632 amplitudine
1124 4553 1265 4633 cingens
1295 4553 1392 4634 quasi
