<?xml version="1.0" encoding="UTF-8"?>
<!DOCTYPE html PUBLIC "-//W3C//DTD XHTML 1.0 Transitional//EN"
    "http://www.w3.org/TR/xhtml1/DTD/xhtml1-transitional.dtd">
<html xmlns="http://www.w3.org/1999/xhtml" xml:lang="en" lang="en">
 <head>
  <title>
</title>
<meta http-equiv="Content-Type" content="text/html;charset=utf-8" />
  <meta name='ocr-system' content='tesseract 3.04.00' />
  <meta name='ocr-capabilities' content='ocr_page ocr_carea ocr_par ocr_line ocrx_word'/>
</head>
<body>
  <div class='ocr_page' id='page_1' title='image "./rogeridewendove00rogegoog_0106.png"; bbox 0 0 3384 5625; ppageno 0'>
   <div class='ocr_carea' id='block_1_1' title="bbox 325 793 1059 858">
    <p class='ocr_par' dir='ltr' id='par_1_1' title="bbox 325 793 1059 858">
     <span class='ocr_line' id='line_1_1' title="bbox 325 793 1059 858; baseline 0 -1"><span class='ocrx_word' id='word_1_1' title='bbox 325 793 369 857; x_wconf 84' lang='grc'><strong>84</strong></span> <span class='ocrx_word' id='word_1_2' title='bbox 698 810 898 858; x_wconf 79' lang='lat' dir='ltr'><strong>nnorrones</strong></span> <span class='ocrx_word' id='word_1_3' title='bbox 926 810 1059 857; x_wconf 72' lang='lat' dir='ltr'><strong>varim.</strong></span> 
     </span>
    </p>
   </div>
   <div class='ocr_carea' id='block_1_2' title="bbox 297 991 1442 4663">
    <p class='ocr_par' dir='ltr' id='par_1_2' title="bbox 297 991 1442 4663">
     <span class='ocr_line' id='line_1_2' title="bbox 330 991 1435 1075; baseline -0.001 -19"><span class='ocrx_word' id='word_1_4' title='bbox 330 993 492 1075; x_wconf 91' lang='lat' dir='ltr'><strong>quentius</strong></span> <span class='ocrx_word' id='word_1_5' title='bbox 511 1000 546 1056; x_wconf 91' lang='lat' dir='ltr'><strong>et</strong></span> <span class='ocrx_word' id='word_1_6' title='bbox 572 992 694 1057; x_wconf 90' lang='lat' dir='ltr'><strong>sortius</strong></span> <span class='ocrx_word' id='word_1_7' title='bbox 721 994 834 1057; x_wconf 90' lang='lat' dir='ltr'><strong>verbis</strong></span> <span class='ocrx_word' id='word_1_8' title='bbox 853 1000 889 1057; x_wconf 91' lang='lat' dir='ltr'><strong>et</strong></span> <span class='ocrx_word' id='word_1_9' title='bbox 914 993 1053 1057; x_wconf 89' lang='lat' dir='ltr'><strong>tandem</strong></span> <span class='ocrx_word' id='word_1_10' title='bbox 1080 991 1292 1056; x_wconf 82' lang='lat' dir='ltr'><strong>exhibitione</strong></span> <span class='ocrx_word' id='word_1_11' title='bbox 1319 993 1435 1075; x_wconf 91' lang='lat' dir='ltr'><strong>operis</strong></span> 
     </span>
     <span class='ocr_line' id='line_1_3' title="bbox 330 1092 1434 1176; baseline 0.001 -22"><span class='ocrx_word' id='word_1_12' title='bbox 330 1092 542 1172; x_wconf 85' lang='lat' dir='ltr'><strong>inculcavit3</strong></span> <span class='ocrx_word' id='word_1_13' title='bbox 584 1092 783 1176; x_wconf 88' lang='lat' dir='ltr'><strong>‘Majorem</strong></span> <span class='ocrx_word' id='word_1_14' title='bbox 826 1093 916 1155; x_wconf 93' lang='lat' dir='ltr'><strong>enim</strong></span> <span class='ocrx_word' id='word_1_15' title='bbox 960 1092 1138 1155; x_wconf 89' lang='lat' dir='ltr'><strong>caritatem</strong></span> <span class='ocrx_word' id='word_1_16' title='bbox 1178 1112 1278 1156; x_wconf 93' lang='lat' dir='ltr'><strong>nemo</strong></span> <span class='ocrx_word' id='word_1_17' title='bbox 1316 1092 1434 1169; x_wconf 89' lang='lat' dir='ltr'><strong>babet,</strong></span> 
     </span>
     <span class='ocr_line' id='line_1_4' title="bbox 330 1192 1437 1275; baseline 0.002 -21"><span class='ocrx_word' id='word_1_18' title='bbox 330 1211 434 1274; x_wconf 94' lang='lat' dir='ltr'><strong>quam</strong></span> <span class='ocrx_word' id='word_1_19' title='bbox 460 1199 499 1255; x_wconf 94' lang='lat' dir='ltr'><strong>ut</strong></span> <span class='ocrx_word' id='word_1_20' title='bbox 514 1193 662 1255; x_wconf 93' lang='lat' dir='ltr'><strong>animam</strong></span> <span class='ocrx_word' id='word_1_21' title='bbox 685 1212 784 1256; x_wconf 89' lang='lat' dir='ltr'><strong>suam</strong></span> <span class='ocrx_word' id='word_1_22' title='bbox 809 1200 916 1275; x_wconf 89' lang='lat' dir='ltr'><strong>ponet</strong></span> <span class='ocrx_word' id='word_1_23' title='bbox 941 1193 1018 1275; x_wconf 90' lang='lat' dir='ltr'><strong>quis</strong></span> <span class='ocrx_word' id='word_1_24' title='bbox 1044 1211 1106 1273; x_wconf 91' lang='lat' dir='ltr'><strong>pro</strong></span> <span class='ocrx_word' id='word_1_25' title='bbox 1133 1192 1276 1255; x_wconf 90' lang='lat' dir='ltr'><strong>amicis.&#39;</strong></span> <span class='ocrx_word' id='word_1_26' title='bbox 1328 1192 1437 1256; x_wconf 87' lang='lat' dir='ltr'><strong>Dedit</strong></span> 
     </span>
     <span class='ocr_line' id='line_1_5' title="bbox 330 1291 1434 1374; baseline 0 -20"><span class='ocrx_word' id='word_1_27' title='bbox 330 1291 448 1374; x_wconf 88' lang='lat' dir='ltr'><strong>itaque</strong></span> <span class='ocrx_word' id='word_1_28' title='bbox 474 1292 653 1355; x_wconf 91' lang='lat' dir='ltr'><strong>materiam</strong></span> <span class='ocrx_word' id='word_1_29' title='bbox 679 1292 843 1373; x_wconf 90' lang='lat' dir='ltr'><strong>diligendi</strong></span> <span class='ocrx_word' id='word_1_30' title='bbox 869 1311 919 1368; x_wconf 91' lang='lat' dir='ltr'><strong>se,</strong></span> <span class='ocrx_word' id='word_1_31' title='bbox 945 1292 1066 1374; x_wconf 94' lang='lat' dir='ltr'><strong>quiin</strong></span> <span class='ocrx_word' id='word_1_32' title='bbox 1092 1292 1164 1354; x_wconf 89' lang='lat' dir='ltr'><strong>suis</strong></span> <span class='ocrx_word' id='word_1_33' title='bbox 1193 1291 1434 1355; x_wconf 85' lang='lat' dir='ltr'><strong>dilectionibus</strong></span> 
     </span>
     <span class='ocr_line' id='line_1_6' title="bbox 332 1391 1435 1474; baseline 0 -21"><span class='ocrx_word' id='word_1_34' title='bbox 332 1411 396 1455; x_wconf 93' lang='lat' dir='ltr'><strong>nos</strong></span> <span class='ocrx_word' id='word_1_35' title='bbox 421 1392 600 1474; x_wconf 83' lang='lat' dir='ltr'><strong>praevenit,</strong></span> <span class='ocrx_word' id='word_1_36' title='bbox 628 1412 690 1455; x_wconf 92' lang='lat' dir='ltr'><strong>nec</strong></span> <span class='ocrx_word' id='word_1_37' title='bbox 716 1391 810 1454; x_wconf 91' lang='lat' dir='ltr'><strong>aliud</strong></span> <span class='ocrx_word' id='word_1_38' title='bbox 838 1411 860 1454; x_wconf 92' lang='lat' dir='ltr'><strong>a</strong></span> <span class='ocrx_word' id='word_1_39' title='bbox 890 1392 988 1454; x_wconf 91' lang='lat' dir='ltr'><strong>nobis</strong></span> <span class='ocrx_word' id='word_1_40' title='bbox 1016 1391 1138 1473; x_wconf 82' lang='lat' dir='ltr'><strong>exigit,</strong></span> <span class='ocrx_word' id='word_1_41' title='bbox 1163 1391 1229 1453; x_wconf 93' lang='lat' dir='ltr'><strong>nisi</strong></span> <span class='ocrx_word' id='word_1_42' title='bbox 1253 1399 1293 1454; x_wconf 91' lang='lat' dir='ltr'><strong>ut</strong></span> <span class='ocrx_word' id='word_1_43' title='bbox 1320 1392 1435 1473; x_wconf 91' lang='lat' dir='ltr'><strong>ipsum</strong></span> 
     </span>
     <span class='ocr_line' id='line_1_7' title="bbox 333 1489 1435 1572; baseline 0.002 -21"><span class='ocrx_word' id='word_1_44' title='bbox 333 1489 516 1572; x_wconf 85' lang='lat' dir='ltr'><strong>diligamus</strong></span> <span class='ocrx_word' id='word_1_45' title='bbox 534 1510 579 1554; x_wconf 86' lang='lat' dir='ltr'><strong>ex</strong></span> <span class='ocrx_word' id='word_1_46' title='bbox 594 1491 708 1554; x_wconf 91' lang='lat' dir='ltr'><strong>corde.</strong></span> <span class='ocrx_word' id='word_1_47' title='bbox 749 1490 838 1553; x_wconf 88' lang='lat' dir='ltr'><strong>Sane</strong></span> <span class='ocrx_word' id='word_1_48' title='bbox 856 1490 1064 1554; x_wconf 89' lang='lat' dir='ltr'><strong>inhumanus</strong></span> <span class='ocrx_word' id='word_1_49' title='bbox 1082 1499 1136 1555; x_wconf 91' lang='lat' dir='ltr'><strong>est</strong></span> <span class='ocrx_word' id='word_1_50' title='bbox 1151 1499 1186 1553; x_wconf 93' lang='lat' dir='ltr'><strong>et</strong></span> <span class='ocrx_word' id='word_1_51' title='bbox 1199 1490 1358 1567; x_wconf 78' lang='lat' dir='ltr'><strong>crudeliS,</strong></span> <span class='ocrx_word' id='word_1_52' title='bbox 1375 1491 1435 1572; x_wconf 92' lang='lat' dir='ltr'><strong>qui</strong></span> 
     </span>
     <span class='ocr_line' id='line_1_8' title="bbox 333 1589 1436 1673; baseline 0.002 -22"><span class='ocrx_word' id='word_1_53' title='bbox 333 1589 408 1672; x_wconf 93' lang='lat' dir='ltr'><strong>ejus</strong></span> <span class='ocrx_word' id='word_1_54' title='bbox 431 1590 699 1653; x_wconf 91' lang='lat' dir='ltr'><strong>misericordiam</strong></span> <span class='ocrx_word' id='word_1_55' title='bbox 727 1610 796 1652; x_wconf 94' lang='lat' dir='ltr'><strong>non</strong></span> <span class='ocrx_word' id='word_1_56' title='bbox 817 1591 950 1667; x_wconf 87' lang='lat' dir='ltr'><strong>recolit,</strong></span> <span class='ocrx_word' id='word_1_57' title='bbox 974 1591 1033 1673; x_wconf 93' lang='lat' dir='ltr'><strong>qui</strong></span> <span class='ocrx_word' id='word_1_58' title='bbox 1059 1591 1247 1653; x_wconf 92' lang='lat' dir='ltr'><strong>Dominum</strong></span> <span class='ocrx_word' id='word_1_59' title='bbox 1271 1598 1342 1653; x_wconf 90' lang='lat' dir='ltr'><strong>tam</strong></span> <span class='ocrx_word' id='word_1_60' title='bbox 1366 1592 1436 1653; x_wconf 91' lang='lat' dir='ltr'><strong>cle·</strong></span> 
     </span>
     <span class='ocr_line' id='line_1_9' title="bbox 333 1689 1435 1772; baseline 0 -20"><span class='ocrx_word' id='word_1_61' title='bbox 333 1697 481 1753; x_wconf 91' lang='lat' dir='ltr'><strong>mentem</strong></span> <span class='ocrx_word' id='word_1_62' title='bbox 498 1710 542 1752; x_wconf 92' lang='lat' dir='ltr'><strong>ex</strong></span> <span class='ocrx_word' id='word_1_63' title='bbox 564 1690 689 1753; x_wconf 87' lang='lat' dir='ltr'><strong>affectu</strong></span> <span class='ocrx_word' id='word_1_64' title='bbox 714 1710 781 1753; x_wconf 94' lang='lat' dir='ltr'><strong>non</strong></span> <span class='ocrx_word' id='word_1_65' title='bbox 801 1691 925 1771; x_wconf 84' lang='lat' dir='ltr'><strong>diligit,</strong></span> <span class='ocrx_word' id='word_1_66' title='bbox 942 1689 1052 1772; x_wconf 89' lang='lat' dir='ltr'><strong>quise</strong></span> <span class='ocrx_word' id='word_1_67' title='bbox 1070 1710 1133 1772; x_wconf 95' lang='lat' dir='ltr'><strong>pro</strong></span> <span class='ocrx_word' id='word_1_68' title='bbox 1150 1710 1203 1766; x_wconf 91' lang='lat' dir='ltr'><strong>e0,</strong></span> <span class='ocrx_word' id='word_1_69' title='bbox 1219 1691 1248 1753; x_wconf 95' lang='lat' dir='ltr'><strong>si</strong></span> <span class='ocrx_word' id='word_1_70' title='bbox 1265 1709 1353 1771; x_wconf 90' lang='lat' dir='ltr'><strong>opus</strong></span> <span class='ocrx_word' id='word_1_71' title='bbox 1370 1697 1435 1766; x_wconf 91' lang='lat' dir='ltr'><strong>est,</strong></span> 
     </span>
     <span class='ocr_line' id='line_1_10' title="bbox 333 1788 1436 1871; baseline 0.002 -20"><span class='ocrx_word' id='word_1_72' title='bbox 333 1791 454 1853; x_wconf 87' lang='lat' dir='ltr'><strong>mortis</strong></span> <span class='ocrx_word' id='word_1_73' title='bbox 486 1790 638 1871; x_wconf 91' lang='lat' dir='ltr'><strong>periculo</strong></span> <span class='ocrx_word' id='word_1_74' title='bbox 668 1789 940 1853; x_wconf 85' lang='lat' dir='ltr'><strong>desiderabiliter</strong></span> <span class='ocrx_word' id='word_1_75' title='bbox 965 1809 1035 1852; x_wconf 92' lang='lat' dir='ltr'><strong>non</strong></span> <span class='ocrx_word' id='word_1_76' title='bbox 1060 1790 1213 1871; x_wconf 89' lang='lat' dir='ltr'><strong>exponit.</strong></span> <span class='ocrx_word' id='word_1_77' title='bbox 1276 1788 1436 1853; x_wconf 86' lang='lat' dir='ltr'><strong>Christus</strong></span> 
     </span>
     <span class='ocr_line' id='line_1_11' title="bbox 333 1888 1437 1971; baseline 0 -20"><span class='ocrx_word' id='word_1_78' title='bbox 333 1897 449 1951; x_wconf 91' lang='lat' dir='ltr'><strong>autem</strong></span> <span class='ocrx_word' id='word_1_79' title='bbox 473 1898 628 1953; x_wconf 89' lang='lat' dir='ltr'><strong>mortuus</strong></span> <span class='ocrx_word' id='word_1_80' title='bbox 650 1896 685 1952; x_wconf 90' lang='lat' dir='ltr'><strong>et</strong></span> <span class='ocrx_word' id='word_1_81' title='bbox 700 1890 870 1971; x_wconf 80' lang='lat' dir='ltr'><strong>sepultuS,</strong></span> <span class='ocrx_word' id='word_1_82' title='bbox 895 1890 998 1953; x_wconf 92' lang='lat' dir='ltr'><strong>tertia</strong></span> <span class='ocrx_word' id='word_1_83' title='bbox 1025 1888 1080 1951; x_wconf 93' lang='lat' dir='ltr'><strong>die</strong></span> <span class='ocrx_word' id='word_1_84' title='bbox 1106 1907 1289 1970; x_wconf 87' lang='lat' dir='ltr'><strong>resurgens</strong></span> <span class='ocrx_word' id='word_1_85' title='bbox 1307 1908 1328 1951; x_wconf 88' lang='lat' dir='ltr'><strong>a</strong></span> <span class='ocrx_word' id='word_1_86' title='bbox 1345 1907 1437 1951; x_wconf 91' lang='lat' dir='ltr'><strong>mor-</strong></span> 
     </span>
     <span class='ocr_line' id='line_1_12' title="bbox 334 1988 1437 2071; baseline 0 -20"><span class='ocrx_word' id='word_1_87' title='bbox 334 1988 416 2064; x_wconf 89' lang='lat' dir='ltr'><strong>tuis,</strong></span> <span class='ocrx_word' id='word_1_88' title='bbox 442 1989 532 2051; x_wconf 88' lang='lat' dir='ltr'><strong>sicut</strong></span> <span class='ocrx_word' id='word_1_89' title='bbox 562 1989 739 2070; x_wconf 87' lang='lat' dir='ltr'><strong>discipulis</strong></span> <span class='ocrx_word' id='word_1_90' title='bbox 769 1990 869 2053; x_wconf 89' lang='lat' dir='ltr'><strong>vivus</strong></span> <span class='ocrx_word' id='word_1_91' title='bbox 903 1988 1125 2071; x_wconf 74' lang='lat' dir='ltr'><strong>praedixerat,</strong></span> <span class='ocrx_word' id='word_1_92' title='bbox 1154 1988 1281 2051; x_wconf 90' lang='lat' dir='ltr'><strong>eisdem</strong></span> <span class='ocrx_word' id='word_1_93' title='bbox 1315 1995 1437 2070; x_wconf 87' lang='lat' dir='ltr'><strong>postea</strong></span> 
     </span>
     <span class='ocr_line' id='line_1_13' title="bbox 333 2086 1436 2171; baseline 0.003 -23"><span class='ocrx_word' id='word_1_94' title='bbox 333 2086 530 2168; x_wconf 82' lang='lat' dir='ltr'><strong>frequenter</strong></span> <span class='ocrx_word' id='word_1_95' title='bbox 552 2088 725 2171; x_wconf 89' lang='lat' dir='ltr'><strong>apparuit,</strong></span> <span class='ocrx_word' id='word_1_96' title='bbox 753 2095 788 2151; x_wconf 97' lang='lat' dir='ltr'><strong>et</strong></span> <span class='ocrx_word' id='word_1_97' title='bbox 811 2108 890 2151; x_wconf 91' lang='lat' dir='ltr'><strong>cum</strong></span> <span class='ocrx_word' id='word_1_98' title='bbox 906 2089 991 2171; x_wconf 91' lang='lat' dir='ltr'><strong>ipsis</strong></span> <span class='ocrx_word' id='word_1_99' title='bbox 1013 2089 1158 2170; x_wconf 91' lang='lat' dir='ltr'><strong>loquens</strong></span> <span class='ocrx_word' id='word_1_100' title='bbox 1184 2095 1219 2151; x_wconf 90' lang='lat' dir='ltr'><strong>et</strong></span> <span class='ocrx_word' id='word_1_101' title='bbox 1241 2088 1436 2165; x_wconf 78' lang='lat' dir='ltr'><strong>comedenS,</strong></span> 
     </span>
     <span class='ocr_line' id='line_1_14' title="bbox 332 2186 1436 2271; baseline 0 -22"><span class='ocrx_word' id='word_1_102' title='bbox 332 2188 481 2250; x_wconf 92' lang='lat' dir='ltr'><strong>ostensis</strong></span> <span class='ocrx_word' id='word_1_103' title='bbox 499 2186 698 2251; x_wconf 90' lang='lat' dir='ltr'><strong>vulneribus</strong></span> <span class='ocrx_word' id='word_1_104' title='bbox 719 2207 895 2265; x_wconf 92' lang='lat' dir='ltr'><strong>manuum,</strong></span> <span class='ocrx_word' id='word_1_105' title='bbox 918 2188 1055 2271; x_wconf 89' lang='lat' dir='ltr'><strong>pedum,</strong></span> <span class='ocrx_word' id='word_1_106' title='bbox 1072 2206 1113 2251; x_wconf 93' lang='lat' dir='ltr'><strong>ac</strong></span> <span class='ocrx_word' id='word_1_107' title='bbox 1127 2187 1258 2265; x_wconf 89' lang='lat' dir='ltr'><strong>lateris,</strong></span> <span class='ocrx_word' id='word_1_108' title='bbox 1274 2188 1309 2249; x_wconf 91' lang='lat' dir='ltr'><strong>in</strong></span> <span class='ocrx_word' id='word_1_109' title='bbox 1327 2188 1436 2251; x_wconf 91' lang='lat' dir='ltr'><strong>cordi·</strong></span> 
     </span>
     <span class='ocr_line' id='line_1_15' title="bbox 334 2286 1437 2369; baseline 0.001 -20"><span class='ocrx_word' id='word_1_110' title='bbox 334 2287 399 2349; x_wconf 92' lang='lat' dir='ltr'><strong>bus</strong></span> <span class='ocrx_word' id='word_1_111' title='bbox 416 2287 642 2369; x_wconf 93' lang='lat' dir='ltr'><strong>quorundam,</strong></span> <span class='ocrx_word' id='word_1_112' title='bbox 660 2286 718 2369; x_wconf 92' lang='lat' dir='ltr'><strong>qui</strong></span> <span class='ocrx_word' id='word_1_113' title='bbox 735 2287 847 2350; x_wconf 88' lang='lat' dir='ltr'><strong>adhuc</strong></span> <span class='ocrx_word' id='word_1_114' title='bbox 867 2288 1076 2351; x_wconf 82' lang='lat' dir='ltr'><strong>haesitabant</strong></span> <span class='ocrx_word' id='word_1_115' title='bbox 1092 2288 1127 2349; x_wconf 91' lang='lat' dir='ltr'><strong>in</strong></span> <span class='ocrx_word' id='word_1_116' title='bbox 1143 2287 1222 2363; x_wconf 92' lang='lat' dir='ltr'><strong>fide,</strong></span> <span class='ocrx_word' id='word_1_117' title='bbox 1240 2287 1437 2351; x_wconf 86' lang='lat' dir='ltr'><strong>ostensione</strong></span> 
     </span>
     <span class='ocr_line' id='line_1_16' title="bbox 334 2385 1438 2468; baseline 0.001 -19"><span class='ocrx_word' id='word_1_118' title='bbox 334 2386 513 2449; x_wconf 89' lang='lat' dir='ltr'><strong>vulnerum</strong></span> <span class='ocrx_word' id='word_1_119' title='bbox 532 2386 657 2450; x_wconf 90' lang='lat' dir='ltr'><strong>vulnus</strong></span> <span class='ocrx_word' id='word_1_120' title='bbox 673 2386 898 2450; x_wconf 89' lang='lat' dir='ltr'><strong>dubitationis</strong></span> <span class='ocrx_word' id='word_1_121' title='bbox 915 2387 1057 2451; x_wconf 88' lang='lat' dir='ltr'><strong>amovit.</strong></span> <span class='ocrx_word' id='word_1_122' title='bbox 1109 2385 1350 2468; x_wconf 86' lang='lat' dir='ltr'><strong>Quadraginta</strong></span> <span class='ocrx_word' id='word_1_123' title='bbox 1369 2387 1438 2450; x_wconf 90' lang='lat' dir='ltr'><strong>ita·</strong></span> 
     </span>
     <span class='ocr_line' id='line_1_17' title="bbox 297 2485 1438 2566; baseline 0.003 -19"><span class='ocrx_word' id='word_1_124' title='bbox 297 2560 299 2563; x_wconf 80' lang='lat'>.</span> <span class='ocrx_word' id='word_1_125' title='bbox 334 2504 402 2566; x_wconf 91' lang='lat' dir='ltr'><strong>que</strong></span> <span class='ocrx_word' id='word_1_126' title='bbox 420 2485 539 2549; x_wconf 91' lang='lat' dir='ltr'><strong>diebus</strong></span> <span class='ocrx_word' id='word_1_127' title='bbox 555 2505 632 2549; x_wconf 93' lang='lat' dir='ltr'><strong>cum</strong></span> <span class='ocrx_word' id='word_1_128' title='bbox 651 2486 701 2548; x_wconf 91' lang='lat' dir='ltr'><strong>eis</strong></span> <span class='ocrx_word' id='word_1_129' title='bbox 718 2486 900 2550; x_wconf 88' lang='lat' dir='ltr'><strong>visibiliter</strong></span> <span class='ocrx_word' id='word_1_130' title='bbox 922 2493 1158 2563; x_wconf 65' lang='lat' dir='ltr'><strong>conversatus</strong></span> <span class='ocrx_word' id='word_1_131' title='bbox 1181 2487 1308 2549; x_wconf 89' lang='lat' dir='ltr'><strong>eisdem</strong></span> <span class='ocrx_word' id='word_1_132' title='bbox 1333 2488 1438 2550; x_wconf 90' lang='lat' dir='ltr'><strong>comi-</strong></span> 
     </span>
     <span class='ocr_line' id='line_1_18' title="bbox 335 2584 1439 2662; baseline 0.002 -14"><span class='ocrx_word' id='word_1_133' title='bbox 335 2584 489 2649; x_wconf 90' lang='lat' dir='ltr'><strong>tantibus</strong></span> <span class='ocrx_word' id='word_1_134' title='bbox 517 2586 669 2649; x_wconf 89' lang='lat' dir='ltr'><strong>venitin</strong></span> <span class='ocrx_word' id='word_1_135' title='bbox 697 2593 847 2650; x_wconf 88' lang='lat' dir='ltr'><strong>montem</strong></span> <span class='ocrx_word' id='word_1_136' title='bbox 869 2586 1009 2662; x_wconf 90' lang='lat' dir='ltr'><strong>Oliveti,</strong></span> <span class='ocrx_word' id='word_1_137' title='bbox 1029 2594 1064 2650; x_wconf 91' lang='lat' dir='ltr'><strong>et</strong></span> <span class='ocrx_word' id='word_1_138' title='bbox 1087 2585 1282 2650; x_wconf 88' lang='lat' dir='ltr'><strong>videntibus</strong></span> <span class='ocrx_word' id='word_1_139' title='bbox 1305 2585 1374 2649; x_wconf 89' lang='lat' dir='ltr'><strong>illis</strong></span> <span class='ocrx_word' id='word_1_140' title='bbox 1401 2587 1439 2650; x_wconf 90' lang='lat' dir='ltr'><strong>in</strong></span> 
     </span>
     <span class='ocr_line' id='line_1_19' title="bbox 335 2685 1437 2764; baseline 0.002 -17"><span class='ocrx_word' id='word_1_141' title='bbox 335 2685 458 2747; x_wconf 88' lang='lat' dir='ltr'><strong>caelum</strong></span> <span class='ocrx_word' id='word_1_142' title='bbox 481 2686 636 2749; x_wconf 90' lang='lat' dir='ltr'><strong>elevatus</strong></span> <span class='ocrx_word' id='word_1_143' title='bbox 658 2693 734 2764; x_wconf 86' lang='lat' dir='ltr'><strong>est3</strong></span> <span class='ocrx_word' id='word_1_144' title='bbox 760 2687 915 2750; x_wconf 90' lang='lat' dir='ltr'><strong>ascendit</strong></span> <span class='ocrx_word' id='word_1_145' title='bbox 937 2686 980 2750; x_wconf 89' lang='lat' dir='ltr'><strong>ad</strong></span> <span class='ocrx_word' id='word_1_146' title='bbox 1006 2685 1157 2761; x_wconf 88' lang='lat' dir='ltr'><strong>Patrem,</strong></span> <span class='ocrx_word' id='word_1_147' title='bbox 1178 2687 1237 2749; x_wconf 90' lang='lat' dir='ltr'><strong>ubi</strong></span> <span class='ocrx_word' id='word_1_148' title='bbox 1259 2705 1336 2749; x_wconf 93' lang='lat' dir='ltr'><strong>eum</strong></span> <span class='ocrx_word' id='word_1_149' title='bbox 1361 2705 1437 2750; x_wconf 90' lang='lat' dir='ltr'><strong>esse</strong></span> 
     </span>
     <span class='ocr_line' id='line_1_20' title="bbox 336 2784 1437 2869; baseline 0.002 -21"><span class='ocrx_word' id='word_1_150' title='bbox 336 2784 372 2848; x_wconf 92' lang='lat' dir='ltr'><strong>in</strong></span> <span class='ocrx_word' id='word_1_151' title='bbox 390 2784 507 2849; x_wconf 91' lang='lat' dir='ltr'><strong>Patris</strong></span> <span class='ocrx_word' id='word_1_152' title='bbox 533 2786 776 2869; x_wconf 79' lang='lat' dir='ltr'><strong>coaequalitate</strong></span> <span class='ocrx_word' id='word_1_153' title='bbox 800 2787 981 2864; x_wconf 71' lang='lat' dir='ltr'><strong>credimus</strong></span> <span class='ocrx_word' id='word_1_154' title='bbox 1005 2794 1110 2869; x_wconf 88' lang='lat' dir='ltr'><strong>atque</strong></span> <span class='ocrx_word' id='word_1_155' title='bbox 1133 2784 1169 2848; x_wconf 93' lang='lat' dir='ltr'><strong>in</strong></span> <span class='ocrx_word' id='word_1_156' title='bbox 1186 2786 1357 2850; x_wconf 92' lang='lat' dir='ltr'><strong>communi</strong></span> <span class='ocrx_word' id='word_1_157' title='bbox 1384 2806 1437 2850; x_wconf 90' lang='lat' dir='ltr'><strong>re-</strong></span> 
     </span>
     <span class='ocr_line' id='line_1_21' title="bbox 336 2885 1436 2970; baseline 0.002 -22"><span class='ocrx_word' id='word_1_158' title='bbox 336 2886 548 2949; x_wconf 88' lang='lat' dir='ltr'><strong>surrectione</strong></span> <span class='ocrx_word' id='word_1_159' title='bbox 565 2887 680 2967; x_wconf 92' lang='lat' dir='ltr'><strong>ipsum</strong></span> <span class='ocrx_word' id='word_1_160' title='bbox 690 2886 848 2950; x_wconf 89' lang='lat' dir='ltr'><strong>vivorum</strong></span> <span class='ocrx_word' id='word_1_161' title='bbox 864 2894 899 2950; x_wconf 90' lang='lat' dir='ltr'><strong>et</strong></span> <span class='ocrx_word' id='word_1_162' title='bbox 909 2894 1120 2950; x_wconf 91' lang='lat' dir='ltr'><strong>mortuorum</strong></span> <span class='ocrx_word' id='word_1_163' title='bbox 1132 2885 1283 2969; x_wconf 91' lang='lat' dir='ltr'><strong>judicem</strong></span> <span class='ocrx_word' id='word_1_164' title='bbox 1295 2906 1436 2970; x_wconf 75' lang='lat' dir='ltr'><strong>exspee</strong></span> 
     </span>
     <span class='ocr_line' id='line_1_22' title="bbox 336 2984 1439 3066; baseline 0.005 -20"><span class='ocrx_word' id='word_1_165' title='bbox 336 2991 462 3047; x_wconf 93' lang='lat' dir='ltr'><strong>tamus.</strong></span> <span class='ocrx_word' id='word_1_166' title='bbox 516 2985 688 3066; x_wconf 85' lang='lat' dir='ltr'><strong>Utigitur</strong></span> <span class='ocrx_word' id='word_1_167' title='bbox 703 2984 874 3049; x_wconf 88' lang='lat' dir='ltr'><strong>Dominus</strong></span> <span class='ocrx_word' id='word_1_168' title='bbox 894 2993 1011 3049; x_wconf 88' lang='lat' dir='ltr'><strong>noster</strong></span> <span class='ocrx_word' id='word_1_169' title='bbox 1029 2985 1052 3049; x_wconf 90' lang='lat' dir='ltr'><strong>J</strong></span> <span class='ocrx_word' id='word_1_170' title='bbox 1055 3005 1134 3049; x_wconf 91' lang='lat' dir='ltr'><strong>esus</strong></span> <span class='ocrx_word' id='word_1_171' title='bbox 1151 2985 1311 3051; x_wconf 86' lang='lat' dir='ltr'><strong>christus</strong></span> <span class='ocrx_word' id='word_1_172' title='bbox 1327 2987 1439 3052; x_wconf 87' lang='lat' dir='ltr'><strong>voluit</strong></span> 
     </span>
     <span class='ocr_line' id='line_1_23' title="bbox 337 3082 1438 3167; baseline 0.006 -23"><span class='ocrx_word' id='word_1_173' title='bbox 337 3090 372 3146; x_wconf 92' lang='lat' dir='ltr'><strong>et</strong></span> <span class='ocrx_word' id='word_1_174' title='bbox 395 3082 513 3147; x_wconf 91' lang='lat' dir='ltr'><strong>debuit</strong></span> <span class='ocrx_word' id='word_1_175' title='bbox 535 3083 579 3146; x_wconf 88' lang='lat' dir='ltr'><strong>ad</strong></span> <span class='ocrx_word' id='word_1_176' title='bbox 605 3083 724 3147; x_wconf 91' lang='lat' dir='ltr'><strong>horam</strong></span> <span class='ocrx_word' id='word_1_177' title='bbox 750 3086 850 3162; x_wconf 93' lang='lat' dir='ltr'><strong>mori,</strong></span> <span class='ocrx_word' id='word_1_178' title='bbox 875 3086 957 3167; x_wconf 89' lang='lat' dir='ltr'><strong>quia</strong></span> <span class='ocrx_word' id='word_1_179' title='bbox 983 3086 1085 3148; x_wconf 91' lang='lat' dir='ltr'><strong>homo</strong></span> <span class='ocrx_word' id='word_1_180' title='bbox 1116 3085 1230 3167; x_wconf 92' lang='lat' dir='ltr'><strong>potuit</strong></span> <span class='ocrx_word' id='word_1_181' title='bbox 1258 3093 1293 3149; x_wconf 88' lang='lat' dir='ltr'><strong>et</strong></span> <span class='ocrx_word' id='word_1_182' title='bbox 1319 3086 1438 3151; x_wconf 90' lang='lat' dir='ltr'><strong>debuit</strong></span> 
     </span>
     <span class='ocr_line' id='line_1_24' title="bbox 336 3185 1439 3267; baseline 0.006 -23"><span class='ocrx_word' id='word_1_183' title='bbox 336 3191 417 3264; x_wconf 88' lang='lat' dir='ltr'><strong>post</strong></span> <span class='ocrx_word' id='word_1_184' title='bbox 448 3190 593 3246; x_wconf 91' lang='lat' dir='ltr'><strong>mortem</strong></span> <span class='ocrx_word' id='word_1_185' title='bbox 627 3203 817 3266; x_wconf 87' lang='lat' dir='ltr'><strong>resurgere,</strong></span> <span class='ocrx_word' id='word_1_186' title='bbox 850 3193 889 3249; x_wconf 90' lang='lat' dir='ltr'><strong>ut</strong></span> <span class='ocrx_word' id='word_1_187' title='bbox 923 3185 982 3267; x_wconf 94' lang='lat' dir='ltr'><strong>qui</strong></span> <span class='ocrx_word' id='word_1_188' title='bbox 1012 3185 1183 3249; x_wconf 91' lang='lat' dir='ltr'><strong>hominem</strong></span> <span class='ocrx_word' id='word_1_189' title='bbox 1214 3195 1439 3267; x_wconf 88' lang='lat' dir='ltr'><strong>superaverat</strong></span> 
     </span>
     <span class='ocr_line' id='line_1_25' title="bbox 336 3280 1441 3366; baseline 0.005 -23"><span class='ocrx_word' id='word_1_190' title='bbox 336 3280 494 3346; x_wconf 89' lang='lat' dir='ltr'><strong>diabolus</strong></span> <span class='ocrx_word' id='word_1_191' title='bbox 512 3284 556 3346; x_wconf 91' lang='lat' dir='ltr'><strong>ab</strong></span> <span class='ocrx_word' id='word_1_192' title='bbox 578 3282 715 3347; x_wconf 90' lang='lat' dir='ltr'><strong>bomine</strong></span> <span class='ocrx_word' id='word_1_193' title='bbox 736 3293 968 3366; x_wconf 83' lang='lat' dir='ltr'><strong>superaretur,</strong></span> <span class='ocrx_word' id='word_1_194' title='bbox 991 3292 1026 3349; x_wconf 91' lang='lat' dir='ltr'><strong>et</strong></span> <span class='ocrx_word' id='word_1_195' title='bbox 1047 3291 1230 3366; x_wconf 90' lang='lat' dir='ltr'><strong>superatus</strong></span> <span class='ocrx_word' id='word_1_196' title='bbox 1253 3285 1441 3349; x_wconf 89' lang='lat' dir='ltr'><strong>confunde-</strong></span> 
     </span>
     <span class='ocr_line' id='line_1_26' title="bbox 335 3383 1439 3468; baseline 0.004 -24"><span class='ocrx_word' id='word_1_197' title='bbox 335 3388 442 3446; x_wconf 91' lang='lat' dir='ltr'><strong>retur.</strong></span> <span class='ocrx_word' id='word_1_198' title='bbox 494 3383 710 3447; x_wconf 91' lang='lat' dir='ltr'><strong>Erubescant</strong></span> <span class='ocrx_word' id='word_1_199' title='bbox 732 3384 886 3449; x_wconf 87' lang='lat' dir='ltr'><strong>infideles</strong></span> <span class='ocrx_word' id='word_1_200' title='bbox 916 3393 951 3449; x_wconf 91' lang='lat' dir='ltr'><strong>et</strong></span> <span class='ocrx_word' id='word_1_201' title='bbox 978 3385 1273 3468; x_wconf 87' lang='lat' dir='ltr'><strong>praevaricatores,</strong></span> <span class='ocrx_word' id='word_1_202' title='bbox 1298 3385 1358 3467; x_wconf 94' lang='lat' dir='ltr'><strong>qui</strong></span> <span class='ocrx_word' id='word_1_203' title='bbox 1387 3387 1439 3448; x_wconf 94' lang='lat' dir='ltr'><strong>in-</strong></span> 
     </span>
     <span class='ocr_line' id='line_1_27' title="bbox 338 3482 1439 3567; baseline 0.005 -23"><span class='ocrx_word' id='word_1_204' title='bbox 338 3482 495 3546; x_wconf 92' lang='lat' dir='ltr'><strong>ordinate</strong></span> <span class='ocrx_word' id='word_1_205' title='bbox 521 3484 557 3546; x_wconf 94' lang='lat' dir='ltr'><strong>in</strong></span> <span class='ocrx_word' id='word_1_206' title='bbox 586 3483 660 3547; x_wconf 89' lang='lat' dir='ltr'><strong>baec</strong></span> <span class='ocrx_word' id='word_1_207' title='bbox 689 3492 917 3567; x_wconf 90' lang='lat' dir='ltr'><strong>prorumpunt</strong></span> <span class='ocrx_word' id='word_1_208' title='bbox 939 3485 1175 3560; x_wconf 90' lang='lat' dir='ltr'><strong>deliramenta,</strong></span> <span class='ocrx_word' id='word_1_209' title='bbox 1198 3483 1256 3546; x_wconf 90' lang='lat' dir='ltr'><strong>‘Si</strong></span> <span class='ocrx_word' id='word_1_210' title='bbox 1280 3483 1439 3551; x_wconf 88' lang='lat' dir='ltr'><strong>Christus</strong></span> 
     </span>
     <span class='ocr_line' id='line_1_28' title="bbox 338 3581 1439 3665; baseline 0.005 -22"><span class='ocrx_word' id='word_1_211' title='bbox 338 3581 435 3644; x_wconf 93' lang='lat' dir='ltr'><strong>Deus</strong></span> <span class='ocrx_word' id='word_1_212' title='bbox 457 3582 534 3658; x_wconf 85' lang='lat' dir='ltr'><strong>suit,</strong></span> <span class='ocrx_word' id='word_1_213' title='bbox 562 3582 734 3664; x_wconf 90' lang='lat' dir='ltr'><strong>quomodo</strong></span> <span class='ocrx_word' id='word_1_214' title='bbox 762 3584 876 3664; x_wconf 90' lang='lat' dir='ltr'><strong>potuit</strong></span> <span class='ocrx_word' id='word_1_215' title='bbox 898 3584 1007 3648; x_wconf 77' lang='lat' dir='ltr'><strong>morit</strong></span> <span class='ocrx_word' id='word_1_216' title='bbox 1060 3583 1098 3646; x_wconf 90' lang='lat' dir='ltr'><strong>Si</strong></span> <span class='ocrx_word' id='word_1_217' title='bbox 1122 3582 1237 3658; x_wconf 94' lang='lat' dir='ltr'><strong>homo,</strong></span> <span class='ocrx_word' id='word_1_218' title='bbox 1267 3585 1439 3665; x_wconf 89' lang='lat' dir='ltr'><strong>quomodo</strong></span> 
     </span>
     <span class='ocr_line' id='line_1_29' title="bbox 338 3681 1439 3765; baseline 0.006 -23"><span class='ocrx_word' id='word_1_219' title='bbox 338 3700 517 3762; x_wconf 87' lang='lat' dir='ltr'><strong>resurgere</strong></span> <span class='ocrx_word' id='word_1_220' title='bbox 532 3681 559 3744; x_wconf 82' lang='lat' dir='ltr'><strong>l&#39;</strong></span> <span class='ocrx_word' id='word_1_221' title='bbox 612 3681 694 3744; x_wconf 89' lang='lat' dir='ltr'><strong>Fuit</strong></span> <span class='ocrx_word' id='word_1_222' title='bbox 722 3701 843 3764; x_wconf 88' lang='lat' dir='ltr'><strong>nempe</strong></span> <span class='ocrx_word' id='word_1_223' title='bbox 870 3683 967 3745; x_wconf 89' lang='lat' dir='ltr'><strong>Deus</strong></span> <span class='ocrx_word' id='word_1_224' title='bbox 996 3691 1032 3746; x_wconf 93' lang='lat' dir='ltr'><strong>et</strong></span> <span class='ocrx_word' id='word_1_225' title='bbox 1056 3683 1181 3747; x_wconf 87' lang='lat' dir='ltr'><strong>homo:</strong></span> <span class='ocrx_word' id='word_1_226' title='bbox 1214 3682 1297 3765; x_wconf 92' lang='lat' dir='ltr'><strong>quia</strong></span> <span class='ocrx_word' id='word_1_227' title='bbox 1324 3683 1439 3763; x_wconf 93' lang='lat' dir='ltr'><strong>homo,</strong></span> 
     </span>
     <span class='ocr_line' id='line_1_30' title="bbox 339 3779 1438 3865; baseline 0.005 -24"><span class='ocrx_word' id='word_1_228' title='bbox 339 3779 456 3842; x_wconf 91' lang='lat' dir='ltr'><strong>debuit</strong></span> <span class='ocrx_word' id='word_1_229' title='bbox 481 3779 587 3858; x_wconf 81' lang='lat' dir='ltr'><strong>mori3</strong></span> <span class='ocrx_word' id='word_1_230' title='bbox 614 3781 696 3860; x_wconf 85' lang='lat' dir='ltr'><strong>quia</strong></span> <span class='ocrx_word' id='word_1_231' title='bbox 720 3779 828 3857; x_wconf 91' lang='lat' dir='ltr'><strong>Deus,</strong></span> <span class='ocrx_word' id='word_1_232' title='bbox 852 3783 966 3863; x_wconf 92' lang='lat' dir='ltr'><strong>potuit</strong></span> <span class='ocrx_word' id='word_1_233' title='bbox 987 3802 1175 3864; x_wconf 88' lang='lat' dir='ltr'><strong>resurgere.</strong></span> <span class='ocrx_word' id='word_1_234' title='bbox 1231 3782 1325 3846; x_wconf 89' lang='lat' dir='ltr'><strong>Utile</strong></span> <span class='ocrx_word' id='word_1_235' title='bbox 1352 3803 1438 3865; x_wconf 89' lang='lat' dir='ltr'><strong>quo-</strong></span> 
     </span>
     <span class='ocr_line' id='line_1_31' title="bbox 339 3878 1440 3966; baseline 0.008 -27"><span class='ocrx_word' id='word_1_236' title='bbox 339 3897 406 3958; x_wconf 91' lang='lat' dir='ltr'><strong>que</strong></span> <span class='ocrx_word' id='word_1_237' title='bbox 436 3878 536 3941; x_wconf 90' lang='lat' dir='ltr'><strong>nobis</strong></span> <span class='ocrx_word' id='word_1_238' title='bbox 567 3878 645 3956; x_wconf 83' lang='lat' dir='ltr'><strong>fuit,</strong></span> <span class='ocrx_word' id='word_1_239' title='bbox 679 3880 770 3962; x_wconf 92' lang='lat' dir='ltr'><strong>quod</strong></span> <span class='ocrx_word' id='word_1_240' title='bbox 804 3881 868 3944; x_wconf 91' lang='lat' dir='ltr'><strong>sub</strong></span> <span class='ocrx_word' id='word_1_241' title='bbox 899 3881 1018 3963; x_wconf 91' lang='lat' dir='ltr'><strong>iniquo</strong></span> <span class='ocrx_word' id='word_1_242' title='bbox 1048 3883 1166 3966; x_wconf 89' lang='lat' dir='ltr'><strong>judice</strong></span> <span class='ocrx_word' id='word_1_243' title='bbox 1197 3889 1320 3964; x_wconf 88' lang='lat' dir='ltr'><strong>sponte</strong></span> <span class='ocrx_word' id='word_1_244' title='bbox 1352 3886 1440 3948; x_wconf 92' lang='lat' dir='ltr'><strong>mori</strong></span> 
     </span>
     <span class='ocr_line' id='line_1_32' title="bbox 339 3978 1438 4064; baseline 0.005 -24"><span class='ocrx_word' id='word_1_245' title='bbox 339 3978 558 4059; x_wconf 89' lang='lat' dir='ltr'><strong>dignabatur,</strong></span> <span class='ocrx_word' id='word_1_246' title='bbox 574 3979 684 4043; x_wconf 89' lang='lat' dir='ltr'><strong>valuit</strong></span> <span class='ocrx_word' id='word_1_247' title='bbox 701 3987 736 4043; x_wconf 91' lang='lat' dir='ltr'><strong>et</strong></span> <span class='ocrx_word' id='word_1_248' title='bbox 753 3980 864 4044; x_wconf 90' lang='lat' dir='ltr'><strong>voluit</strong></span> <span class='ocrx_word' id='word_1_249' title='bbox 878 3982 1088 4063; x_wconf 90' lang='lat' dir='ltr'><strong>resurgendo</strong></span> <span class='ocrx_word' id='word_1_250' title='bbox 1105 3989 1249 4045; x_wconf 90' lang='lat' dir='ltr'><strong>mortem</strong></span> <span class='ocrx_word' id='word_1_251' title='bbox 1265 4001 1438 4064; x_wconf 88' lang='lat' dir='ltr'><strong>superare.</strong></span> 
     </span>
     <span class='ocr_line' id='line_1_33' title="bbox 339 4078 1440 4162; baseline 0.005 -21"><span class='ocrx_word' id='word_1_252' title='bbox 339 4078 386 4141; x_wconf 92' lang='lat' dir='ltr'><strong>Et</strong></span> <span class='ocrx_word' id='word_1_253' title='bbox 402 4079 492 4142; x_wconf 90' lang='lat' dir='ltr'><strong>sicut</strong></span> <span class='ocrx_word' id='word_1_254' title='bbox 509 4078 666 4143; x_wconf 91' lang='lat' dir='ltr'><strong>diabolus</strong></span> <span class='ocrx_word' id='word_1_255' title='bbox 685 4100 747 4162; x_wconf 92' lang='lat' dir='ltr'><strong>per</strong></span> <span class='ocrx_word' id='word_1_256' title='bbox 768 4099 851 4144; x_wconf 89' lang='lat' dir='ltr'><strong>suos</strong></span> <span class='ocrx_word' id='word_1_257' title='bbox 876 4081 1109 4146; x_wconf 87' lang='lat' dir='ltr'><strong>ministrosin</strong></span> <span class='ocrx_word' id='word_1_258' title='bbox 1131 4082 1318 4145; x_wconf 88' lang='lat' dir='ltr'><strong>Dominum</strong></span> <span class='ocrx_word' id='word_1_259' title='bbox 1339 4102 1440 4146; x_wconf 91' lang='lat' dir='ltr'><strong>suum</strong></span> 
     </span>
     <span class='ocr_line' id='line_1_34' title="bbox 338 4180 1441 4264; baseline 0.006 -24"><span class='ocrx_word' id='word_1_260' title='bbox 338 4197 460 4241; x_wconf 90' lang='lat' dir='ltr'><strong>manus</strong></span> <span class='ocrx_word' id='word_1_261' title='bbox 493 4198 579 4242; x_wconf 88' lang='lat' dir='ltr'><strong>ausu</strong></span> <span class='ocrx_word' id='word_1_262' title='bbox 613 4181 796 4244; x_wconf 90' lang='lat' dir='ltr'><strong>temerario</strong></span> <span class='ocrx_word' id='word_1_263' title='bbox 828 4180 946 4264; x_wconf 88' lang='lat' dir='ltr'><strong>injecit</strong></span> <span class='ocrx_word' id='word_1_264' title='bbox 978 4183 1161 4258; x_wconf 90' lang='lat' dir='ltr'><strong>violentas,</strong></span> <span class='ocrx_word' id='word_1_265' title='bbox 1190 4182 1241 4246; x_wconf 90' lang='lat' dir='ltr'><strong>ita</strong></span> <span class='ocrx_word' id='word_1_266' title='bbox 1269 4180 1366 4264; x_wconf 87' lang='lat' dir='ltr'><strong>juste</strong></span> <span class='ocrx_word' id='word_1_267' title='bbox 1399 4203 1441 4247; x_wconf 92' lang='lat' dir='ltr'><strong>ac</strong></span> 
     </span>
     <span class='ocr_line' id='line_1_35' title="bbox 335 4277 1441 4363; baseline 0.007 -24"><span class='ocrx_word' id='word_1_268' title='bbox 335 4277 547 4360; x_wconf 89' lang='lat' dir='ltr'><strong>judicialiter</strong></span> <span class='ocrx_word' id='word_1_269' title='bbox 569 4278 768 4357; x_wconf 92' lang='lat' dir='ltr'><strong>dominium,</strong></span> <span class='ocrx_word' id='word_1_270' title='bbox 786 4288 822 4343; x_wconf 91' lang='lat' dir='ltr'><strong>et</strong></span> <span class='ocrx_word' id='word_1_271' title='bbox 839 4281 1056 4363; x_wconf 88' lang='lat' dir='ltr'><strong>tyrannidem</strong></span> <span class='ocrx_word' id='word_1_272' title='bbox 1079 4299 1183 4362; x_wconf 94' lang='lat' dir='ltr'><strong>quam</strong></span> <span class='ocrx_word' id='word_1_273' title='bbox 1205 4282 1241 4344; x_wconf 92' lang='lat' dir='ltr'><strong>in</strong></span> <span class='ocrx_word' id='word_1_274' title='bbox 1267 4280 1441 4347; x_wconf 91' lang='lat' dir='ltr'><strong>bominem</strong></span> 
     </span>
     <span class='ocr_line' id='line_1_36' title="bbox 339 4378 1441 4464; baseline 0.007 -26"><span class='ocrx_word' id='word_1_275' title='bbox 339 4384 554 4452; x_wconf 90' lang='lat' dir='ltr'><strong>exercuerat,</strong></span> <span class='ocrx_word' id='word_1_276' title='bbox 584 4378 700 4440; x_wconf 90' lang='lat' dir='ltr'><strong>amisit</strong></span> <span class='ocrx_word' id='word_1_277' title='bbox 724 4379 760 4441; x_wconf 93' lang='lat' dir='ltr'><strong>in</strong></span> <span class='ocrx_word' id='word_1_278' title='bbox 790 4387 967 4444; x_wconf 87' lang='lat' dir='ltr'><strong>aeternum.</strong></span> <span class='ocrx_word' id='word_1_279' title='bbox 1020 4381 1066 4444; x_wconf 90' lang='lat' dir='ltr'><strong>Et</strong></span> <span class='ocrx_word' id='word_1_280' title='bbox 1091 4379 1154 4443; x_wconf 93' lang='lat' dir='ltr'><strong>boc</strong></span> <span class='ocrx_word' id='word_1_281' title='bbox 1178 4380 1280 4444; x_wconf 92' lang='lat' dir='ltr'><strong>modo</strong></span> <span class='ocrx_word' id='word_1_282' title='bbox 1306 4401 1441 4464; x_wconf 89' lang='lat' dir='ltr'><strong>compe-</strong></span> 
     </span>
     <span class='ocr_line' id='line_1_37' title="bbox 338 4475 1440 4563; baseline 0.007 -27"><span class='ocrx_word' id='word_1_283' title='bbox 338 4475 437 4550; x_wconf 87' lang='lat' dir='ltr'><strong>tenti,</strong></span> <span class='ocrx_word' id='word_1_284' title='bbox 452 4476 510 4556; x_wconf 93' lang='lat' dir='ltr'><strong>qui</strong></span> <span class='ocrx_word' id='word_1_285' title='bbox 528 4475 697 4539; x_wconf 89' lang='lat' dir='ltr'><strong>hominem</strong></span> <span class='ocrx_word' id='word_1_286' title='bbox 716 4479 859 4556; x_wconf 89' lang='lat' dir='ltr'><strong>vicerat,</strong></span> <span class='ocrx_word' id='word_1_287' title='bbox 873 4481 917 4542; x_wconf 91' lang='lat' dir='ltr'><strong>ab</strong></span> <span class='ocrx_word' id='word_1_288' title='bbox 933 4479 1069 4543; x_wconf 91' lang='lat' dir='ltr'><strong>homine</strong></span> <span class='ocrx_word' id='word_1_289' title='bbox 1085 4480 1305 4559; x_wconf 83' lang='lat' dir='ltr'><strong>vincebatur3</strong></span> <span class='ocrx_word' id='word_1_290' title='bbox 1329 4488 1364 4544; x_wconf 88' lang='lat' dir='ltr'><strong>et</strong></span> <span class='ocrx_word' id='word_1_291' title='bbox 1380 4482 1440 4563; x_wconf 91' lang='lat' dir='ltr'><strong>qui</strong></span> 
     </span>
     <span class='ocr_line' id='line_1_38' title="bbox 338 4573 1442 4663; baseline 0.008 -28"><span class='ocrx_word' id='word_1_292' title='bbox 338 4573 373 4636; x_wconf 93' lang='lat' dir='ltr'><strong>in</strong></span> <span class='ocrx_word' id='word_1_293' title='bbox 396 4574 492 4656; x_wconf 90' lang='lat' dir='ltr'><strong>ligno</strong></span> <span class='ocrx_word' id='word_1_294' title='bbox 519 4583 756 4658; x_wconf 84' lang='lat' dir='ltr'><strong>superaverat,</strong></span> <span class='ocrx_word' id='word_1_295' title='bbox 784 4579 820 4641; x_wconf 92' lang='lat' dir='ltr'><strong>in</strong></span> <span class='ocrx_word' id='word_1_296' title='bbox 837 4578 932 4659; x_wconf 86' lang='lat' dir='ltr'><strong>ligno</strong></span> <span class='ocrx_word' id='word_1_297' title='bbox 949 4580 1080 4644; x_wconf 89' lang='lat' dir='ltr'><strong>scilicet</strong></span> <span class='ocrx_word' id='word_1_298' title='bbox 1097 4580 1209 4643; x_wconf 91' lang='lat' dir='ltr'><strong>crucis</strong></span> <span class='ocrx_word' id='word_1_299' title='bbox 1226 4586 1385 4663; x_wconf 88' lang='lat' dir='ltr'><strong>potenter</strong></span> <span class='ocrx_word' id='word_1_300' title='bbox 1406 4588 1442 4644; x_wconf 90' lang='lat' dir='ltr'><strong>et</strong></span> 
     </span>
    </p>
   </div>
   <div class='ocr_carea' id='block_1_3' title="bbox 0 0 1708 5625">
    <p class='ocr_par' dir='ltr' id='par_1_3' title="bbox 0 0 1708 5625">
     <span class='ocr_line' id='line_1_39' title="bbox 0 0 1708 5625; baseline 0 0"><span class='ocrx_word' id='word_1_301' title='bbox 0 0 1708 5625; x_wconf 95' lang='lat' dir='ltr'><strong> </strong></span> 
     </span>
    </p>
   </div>
  </div>
 </body>
</html>
