3384 5625
342 787 387 851 36
717 803 918 850 uncrionus
942 804 1076 850 vnnrAE.

346 929 402 965 PAO.
440 928 491 964 titt.

345 993 400 1063 82,
441 992 492 1065 31,
508 989 578 1052 scd.
593 987 698 1051 missi
749 1009 793 1052 ex
811 989 936 1071 quibus
953 1008 1052 1052 unus.

503 1090 638 1171 fuerant

465 1213 495 1287 3,
511 1211 546 1274 in
572 1219 659 1274 arcto
749 1214 786 1276 in
801 1232 973 1276 carcerem
991 1212 1222 1277 detrudentes.

506 1318 652 1393 ponentes

468 1439 498 1511 5,
514 1434 584 1498 illos
752 1431 921 1493 obsessos.

469 1559 498 1634 6,
514 1558 549 1620 in
570 1556 704 1620 crastino
753 1561 887 1618 statuto
903 1554 969 1617 die.

447 1685 498 1758 ll,
515 1680 609 1743 molto
627 1728 634 1742 .
651 1728 658 1742 .
675 1727 703 1741 ..
755 1676 907 1739 maximo
936 1677 972 1738 in
1000 1696 1059 1739 eas
1087 1676 1256 1740 irruerent
1282 1677 1454 1757 legiones}

519 1801 589 1843 cam
603 1801 665 1843 ecce
777 1776 902 1857 quibus
918 1776 1173 1852 invadentibus
1196 1777 1391 1858 nostrisque
1406 1777 1458 1838 vi·

777 1875 886 1937 riliter
925 1874 1175 1951 resistentibus
1211 1883 1356 1938 conatus
1392 1875 1458 1936 ini·

779 1975 946 2037 micorum
962 1974 1165 2038 mirabiliter
1182 1975 1350 2037 confracti
1365 1982 1459 2049 sunt,

779 2079 818 2134 ut
851 2071 990 2135 aciebus
1022 2073 1212 2148 dissolutis,
1243 2073 1318 2156 jam
1352 2092 1389 2134 se
1424 2074 1460 2133 in

779 2170 884 2252 pedes
901 2171 1070 2253 conjicere
1087 2180 1301 2253 cogerentur.
1347 2171 1425 2234 Sed.

353 2334 404 2341 --
449 2293 500 2365 22,
517 2312 563 2353 eos
757 2294 920 2376 reliquos

354 2455 405 2464 -
449 2416 501 2488 32,
517 2414 562 2476 sic
626 2414 709 2476 omni
759 2417 814 2480 Ex
832 2417 926 2480 omni
940 2417 1068 2498 itaque.

355 2577 405 2587 —
451 2538 502 2611 33,
519 2536 639 2600 collato
651 2546 693 2599 est
758 2540 873 2603 cincta
889 2547 942 2604 est
957 2541 1123 2604 militibus
1139 2543 1298 2604 strenuis,

355 2695 406 2704 -
451 2662 505 2734 34,
521 2660 670 2723 militiam
684 2707 707 2724 ..
758 2664 885 2727 milites
902 2664 1148 2745 praeclariores.

517 2759 708 2842 praclarum

356 2922 406 2934 —
452 2880 505 2958 37,
516 2891 544 2945 at
558 2884 710 2946 machinis
758 2903 801 2946 ex
818 2884 861 2945 iis
879 2883 972 2945 mille
997 2883 1113 2964 capita
1133 2883 1300 2946 machinis
1320 2884 1462 2945 immen-

519 2982 665 3044 t'mmissis
779 2981 839 3043 sis

356 3144 407 3155 -
451 3141 494 3149 -
513 3104 709 3168 mille...di-
759 3104 927 3186 quosdam
955 3112 1070 3167 autem
1094 3106 1309 3186 captivorum
1330 3104 1373 3167 ad
1401 3105 1464 3166 im·

522 3204 649 3287 ripenses
780 3210 973 3285 peratorem
989 3204 1165 3267 miserunt.

359 3325 414 3396 84,
476 3320 505 3399 7,
521 3324 701 3408 improperas·
760 3328 1013 3408 impugnarent.

522 3431 587 3486 sent

358 3583 409 3593 -
453 3543 712 3625 25,descnsioncm
760 3545 990 3608 defensionem
1008 3544 1152 3606 civibus

359 3669 412 3739 85,
473 3667 505 3738 4,
522 3664 673 3727 victualia
761 3673 1000 3729 commeatum.

360 3830 409 3838 —
478 3784 506 3862 7,
523 3796 704 3870 ammana
762 3788 885 3850 media.

362 3953 411 3961 -
476 3911 508 3985 9,
524 3919 553 3972 at
762 3920 850 3992 post.

361 4077 411 4086 -
476 4073 502 4081 -
515 4042 713 4096 sustentantes
763 4035 994 4116 adimplerunt
1012 4043 1149 4098 etcum.

361 4195 412 4204 —
456 4160 507 4237 20,
524 4159 558 4221 ia
574 4157 712 4241 demere·
763 4157 1001 4239 desperatione
1016 4164 1192 4237 concepta.

506 4258 615 4320 tionem
627 4278 713 4318 carso

362 4422 412 4430 -
457 4380 509 4452 24,
519 4377 713 4460 captis..illo
762 4384 866 4456 capta
881 4394 1018 4456 quoque
1033 4393 1122 4436 cum.

362 4544 412 4552 -
457 4501 508 4575 26,
525 4509 702 4562 commatre
763 4499 879 4560 desunt.
