3384 5625
671 782 873 830 uncrionns
895 782 1025 831 vania.

295 909 353 945 Pau.
389 909 443 947 un.

295 974 349 1048 55,
387 973 441 1048 22,
454 967 623 1053 affudiea-
692 969 971 1049 pronunciatum.

459 1078 525 1132 tuan

294 1228 347 1241 -
391 1193 442 1268 23,
457 1192 502 1255 sie
520 1238 549 1254 ..
565 1238 573 1255 .
584 1212 647 1274 pro
694 1188 731 1250 iu
768 1187 888 1251 eodem
926 1196 1022 1252 statu
1058 1198 1250 1255 remaneret
1295 1191 1403 1255 donec

461 1311 498 1353 ea
716 1286 945 1350 Eboracensis
959 1289 1333 1374 ecclesia,episcopum,
1342 1292 1402 1375 qui

717 1405 781 1467 pro
797 1386 918 1450 eadem
933 1388 1172 1467 intercederet,
1188 1391 1344 1454 haberet.

295 1550 348 1563 -
391 1514 443 1588 32,
455 1521 649 1596 orymnantu
696 1508 964 1590 allegationibus
981 1512 1087 1576 falsis.

461 1610 648 1675 tionibus...

463 1710 589 1793 stipatis

298 1870 350 1881 -
394 1833 651 1911 35‚adniiiiiotis
696 1828 857 1894 refutatis
879 1832 971 1894 etin
998 1831 1143 1895 nihilum
1167 1836 1406 1898 evanescenti-

465 1981 473 1996 .
489 1982 497 1995 .
513 1980 520 1995 .
536 1933 601 1996 Dei
717 1930 782 1993 bus
798 1950 859 2012 per
875 1931 1005 2013 scripta
1021 1931 1291 1997 evidentissima.

301 2055 353 2129 56,
414 2056 444 2131 2,
460 2052 648 2117 eccesiam..
698 2054 854 2118 ecclesiae
875 2074 961 2132 snae,
984 2076 1066 2136 rege
1084 2057 1306 2135 concedente,
1328 2077 1404 2122 earn

464 2174 567 2217 corma
720 2153 915 2218 libertatem
943 2157 1170 2238 comparavit,
1199 2176 1303 2239 quam
1331 2159 1404 2221 fun-

721 2253 859 2318 datores
874 2253 967 2317 illius
984 2274 1046 2318 rex
1064 2253 1241 2333 Alfredus,
1262 2265 1297 2320 et
1313 2257 1404 2321 filius

721 2352 752 2436 ej
758 2372 797 2416 us
812 2351 1026 2417 Eadwardus
1039 2362 1075 2418 et
1088 2374 1305 2421 successores
1318 2357 1348 2440 ej
1354 2378 1404 2434 ηε,

721 2452 788 2535 ipsi
804 2452 978 2535 quondam
993 2464 1247 2521 concesserant.

301 2611 352 2625 —
396 2575 451 2650 16,
466 2583 576 2659 quarto
702 2575 815 2639 tertio.

303 2695 357 2771 57,
395 2700 571 2783 31,trea9ae
702 2698 859 2762 induciae.

305 2856 352 2867 -
396 2823 576 2907 —ceperit
704 2824 982 2907 apprehenderit.

304 2983 355 2996 —
399 2948 451 3022 33,
468 2947 579 3030 ceperit
703 2948 979 3030 apprehenderit.

306 3069 357 3143 59,
418 3069 448 3143 2,
462 3089 530 3131 cnm
544 3068 655 3131 ...dio
706 3072 803 3135 Deus
827 3079 954 3136 terram
976 3073 1011 3135 in
1035 3080 1104 3136 tres
1128 3081 1256 3157 partes,
1279 3075 1411 3139 scilicet

468 3167 596 3230 tinctura
728 3169 849 3235 Asiam
866 3218 874 3232 .
893 3220 901 3237 .
915 3219 922 3233 .
938 3173 1110 3238 distinxit.

307 3324 353 3335 -
421 3291 451 3366 6,
459 3291 658 3354 constituisset
706 3294 897 3356 constituit.

305 3447 355 3459 —
421 3415 452 3489 9,
468 3413 503 3476 in
533 3413 616 3477 dreni
706 3436 823 3497 regna.
876 3415 943 3478 Sed
966 3415 1052 3479 heu!
1087 3424 1126 3480 ut
1143 3419 1264 3499 paucis
1286 3419 1411 3496 dicam,

470 3514 612 3597 terporis
728 3537 805 3581 cum
825 3516 1002 3598 temporis

307 3679 358 3690 -
403 3642 454 3716 12,
469 3641 543 3703 uic.
560 3690 567 3703 .
584 3689 591 3703 .
599 3643 657 3724 sc·
708 3660 775 3703 non
793 3639 1017 3715 inveniretur,
1035 3639 1094 3721 qui
1111 3637 1228 3704 faciat.

472 3749 549 3803 cerat

308 3899 356 3910 -
403 3865 453 3939 16,
468 3872 560 3926 scatet
577 3911 584 3926 .
602 3911 609 3926 .
627 3912 657 3928 ..
709 3870 820 3925 scatet
858 3873 893 3924 et
923 3860 1090 3939 abundat,
1126 3862 1186 3944 qui
1228 3881 1290 3926 nec
1324 3862 1412 3925 citra

465 3963 617 4045 podorem
730 3961 907 4042 pudorem.

308 4123 358 4134 —
403 4089 455 4163 26,
473 4095 570 4150 witot
599 4107 660 4149 non
709 4103 777 4147 non
795 4083 966 4146 immerito
984 4101 1047 4165 par
1061 4101 1146 4146 esse.

473 4186 625 4249 immerito

308 4347 360 4359 -
403 4308 455 4382 28,
473 4305 518 4369 idi
534 4306 621 4369 modo
710 4300 769 4362 ubi
782 4299 868 4383 jam.

307 4464 359 4480 --
401 4429 457 4506 29,
472 4403 541 4502 Iiii,
564 4427 648 4512 proi
712 4422 898 4486 Praeterea.

475 4526 562 4590 dolor
573 4531 585 4588 !
