3384 5625
298 758 363 821 158
665 774 867 821 anemonas
891 775 1026 823 varin.

297 901 373 1038 idi),
389 901 442 1038 lli,
460 958 512 1022 iili
537 968 609 1044 quot
698 960 791 1041 quod
806 960 930 1025 missia.

459 1080 625 1122 mocorono

297 1185 373 1257 209,
391 1185 443 1258 l8,
459 1182 606 1246 coderet
699 1180 858 1243 audierat
875 1189 910 1244 et
926 1181 1073 1245 viderat.

297 1309 371 1382 212,
411 1304 440 1383 7,
457 1306 647 1370 districtione
698 1303 909 1367 definitione.

296 1473 346 1483 -
391 1434 442 1508 10,
460 1430 599 1515 adspiret
697 1425 790 1489 addit
824 1425 949 1502 Paris,
982 1426 1200 1504 Summatim,
1232 1428 1307 1494 haec
1336 1429 1402 1494 suit

720 1544 826 1587 causa
843 1532 878 1588 et
893 1525 1113 1588 seminarium
1131 1528 1267 1590 erroris
1321 1528 1400 1593 Rex

720 1631 885 1705 posuerat
900 1626 1040 1687 verbum
1059 1645 1157 1688 suum
1179 1627 1215 1688 in
1235 1646 1295 1690 ore
1318 1628 1400 1692 duo

720 1723 828 1786 decim
837 1724 1079 1787 monachorum
1089 1724 1399 1803 Cantuariensium,

720 1829 760 1884 ut
786 1842 1024 1905 quemcunque
1053 1824 1220 1904 eligerent
1246 1825 1321 1907 ipse
1343 1846 1401 1890 ac·

719 1929 885 2003 captaret.
936 1921 1153 1986 Convenerat
1170 1931 1287 1987 autem
1310 1926 1400 1991 inter

719 2040 834 2100 regem
862 2030 898 2086 et
923 2040 995 2098 eoa,
1020 2023 1176 2103 praestito
1200 2022 1399 2104 juramento

719 2127 754 2181 et
783 2120 863 2184 fidei
885 2121 1157 2203 interpositione,
1185 2123 1277 2204 quod
1304 2124 1399 2189 nullo

717 2219 819 2283 modo
845 2220 951 2282 alium
974 2239 1078 2301 quam
1103 2220 1126 2283 J
1130 2221 1299 2284 ohannem
1326 2224 1398 2305 epi·

718 2337 861 2400 scopum
872 2318 1120 2384 Norvicensem
1133 2320 1315 2400 eligerent;
1339 2322 1398 2386 ha-

718 2416 846 2479 bebant
880 2425 916 2481 et
948 2419 1106 2483 similiter
1139 2420 1232 2500 regis
1267 2421 1396 2485 literas.

718 2513 785 2577 Sed
809 2516 877 2598 ipsi
903 2518 1073 2596 monachi,
1091 2527 1275 2600 postquam
1295 2519 1397 2584 intel-

717 2613 878 2678 lexerunt
894 2616 1095 2680 electionem
1119 2617 1202 2681 dicti
1226 2618 1397 2683 Johannis

718 2733 819 2797 papae
850 2715 951 2779 nimis
978 2716 1160 2799 displicere
1187 2723 1223 2780 et
1254 2720 1395 2796 cassari,

717 2817 982 2895 suggerentibus
1014 2817 1245 2880 cardinalibus
1275 2826 1310 2883 et
1337 2820 1397 2883 do-

717 2915 810 2977 mino
833 2933 937 2996 papa,
961 2923 995 2980 et
1021 2914 1271 2980 affirmantibus
1294 2918 1396 2983 licere

716 3012 766 3074 eis
789 3011 916 3094 eligere
938 3034 1175 3097 quemcunque
1197 3016 1339 3094 vellent,
1358 3027 1395 3082 ut

715 3121 846 3175 secrete
879 3113 1082 3177 electionem
1111 3115 1335 3193 celebrarent,
1363 3118 1392 3180 si

714 3218 894 3275 strenuum
930 3220 965 3276 et
1000 3212 1174 3295 praecipue
1210 3213 1393 3295 Anglicum

714 3309 894 3391 eligerent,
918 3311 1096 3392 elegerunt
1125 3332 1187 3394 per
1213 3313 1391 3377 consilium

714 3429 815 3490 papae
856 3411 1060 3493 magistrum
1097 3411 1309 3494 Stephanum
1352 3413 1394 3475 de

715 3507 895 3590 Langeton
911 3511 1132 3588 cardinalem,
1151 3531 1219 3592 quo
1234 3532 1302 3575 non
1318 3521 1393 3576 erat

714 3607 825 3689 major
846 3610 883 3670 in
907 3610 1014 3686 curia,
1038 3610 1107 3673 imo
1129 3629 1191 3672 nec
1213 3611 1245 3674 ei
1270 3630 1334 3693 par
1356 3613 1392 3674 in

713 3705 866 3769 moribus
884 3715 918 3771 et
933 3709 1088 3772 scientia.
1141 3708 1197 3771 Ex
1215 3717 1310 3787 tunc,
1329 3711 1391 3791 igi-

713 3811 782 3880 tur,
807 3824 876 3868 non
901 3807 1016 3887 potuit
1042 3808 1073 3871 ei
1101 3826 1194 3890 papa
1217 3809 1254 3870 in
1277 3809 1392 3872 multi·

713 3902 813 3967 sormi
831 3905 1052 3970 tribulatione
1069 3905 1199 3970 deesse.

289 4070 340 4084 -
384 4029 436 4105 26,
452 4027 487 4090 in
504 4046 639 4110 persono
690 4027 807 4092 desum.

442 4124 638 4189 ..cinctionem

290 4255 363 4327 213,
381 4254 432 4327 13,
447 4249 576 4332 suscepit
688 4249 782 4313 addit
801 4248 926 4324 Paria,
948 4247 1020 4311 Sub
1037 4249 1163 4312 eisdem
1188 4250 1309 4314 diebus
1334 4251 1392 4314 ln-

711 4349 890 4411 nocentius
919 4367 1011 4428 papa
1036 4349 1178 4429 cupiens
1207 4350 1242 4412 in
1255 4369 1392 4432 propo·

710 4448 777 4510 sito
807 4466 871 4510 suo
902 4466 1017 4529 regem
1043 4446 1066 4509 J
1069 4447 1238 4510 ohannem
1266 4448 1391 4512 habere

710 4546 946 4623 favorabilem,
968 4546 1050 4627 quia
1074 4555 1288 4628 cognoverat
1310 4568 1389 4611 eun-
