3384 5625
300 744 366 809 292
676 763 875 811 moriones
899 763 1031 812 varim.

350 945 447 1008 bant.
500 944 547 1008 Et
562 943 612 1008 sic
634 944 857 1009 manifestata
871 945 1110 1029 episcoporum
1129 964 1170 1008 ac
1188 943 1336 1028 probata
1349 942 1406 1005 iu-

352 1043 524 1121 nocentia,
552 1044 704 1109 confusis
731 1044 911 1109 discordiae
938 1045 1215 1121 seminatoribus,
1237 1042 1333 1106 siluit
1359 1041 1408 1104 le-

352 1142 445 1223 gista
482 1144 763 1226 praenominatus,
802 1145 846 1207 ab
878 1144 1109 1220 anathemate,
1143 1152 1181 1208 ut
1211 1143 1407 1216 videbatur,

352 1261 421 1304 non
451 1243 622 1306 immunis.
674 1244 732 1307 Sic
763 1243 870 1324 igitur
895 1243 1203 1307 intervenientibus
1233 1240 1408 1324 episcopis

352 1341 412 1423 qui
426 1340 582 1418 aderant,
605 1341 806 1423 pacificatus
830 1349 885 1406 est
903 1340 1103 1406 Alexander
1125 1340 1319 1406 cestrensis
1335 1339 1409 1420 epi-

351 1458 489 1522 scopus,
514 1448 550 1505 et
578 1441 710 1524 quievit
737 1441 880 1523 spiritus
906 1442 1012 1519 illius,
1043 1442 1145 1505 nimis
1171 1447 1252 1504 ante
1276 1438 1406 1503 amari·

351 1547 462 1604 catus.

302 1660 376 1798 295,
393 1662 450 1799 213,
464 1722 590 1787 Rivali·
700 1723 794 1788 addit
807 1724 933 1802 Paris,
949 1732 984 1788 et
999 1724 1216 1807 complicium
1230 1742 1384 1787 suorum.

299 1883 351 1893 —
395 1850 449 1925 21,
463 1848 533 1911 odio
544 1846 653 1911 babent
701 1846 781 1909 odio
798 1846 926 1911 habent
943 1855 979 1911 et
993 1852 1229 1911 contemnunt.

302 2009 353 2020 —
397 1972 449 2045 23,
463 1991 484 2032 a
494 1978 652 2054 penteres·
701 1971 744 2034 ab
773 1990 890 2035 amore
922 1972 1035 2053 gentis
1073 1979 1199 2037 vestrae
1233 1977 1269 2034 et
1299 1969 1407 2033 corda

465 2076 517 2131 tra
723 2077 853 2134 nostra.

299 2227 349 2238 —
395 2194 447 2268 24,
464 2200 500 2255 ut
520 2200 653 2276 apparet
700 2193 792 2275 quod
811 2201 956 2277 apparet
972 2195 1009 2259 in
1024 2194 1245 2259 Marescullo.

465 2337 473 2354 .
487 2336 495 2351 .
509 2292 651 2354 Mares-

464 2387 542 2453 culli

298 2552 349 2564 -
393 2514 445 2589 25,
460 2520 489 2575 et
509 2512 571 2576 laec
588 2560 595 2575 .
615 2559 649 2577 ..
698 2528 801 2591 quem
823 2529 885 2592 per
900 2510 1079 2575 mendacia
1099 2511 1361 2578 interseminata
1381 2533 1404 2579 a

459 2620 641 2696 pervertunt
720 2608 819 2672 vobis
832 2610 1035 2691 elongantes
1050 2619 1302 2693 perverterunt.

298 2775 350 2787 -
393 2738 445 2814 29,
463 2745 491 2799 et
499 2745 651 2822 post...et
698 2732 821 2797 deinde
841 2782 849 2799 .
864 2780 871 2794 .
886 2781 893 2794 .
909 2742 999 2818 post.

297 2896 348 2908 —
393 2859 444 2933 33,
462 2857 621 2922 turbatum
697 2860 909 2940 temporibus
924 2859 1052 2924 nostris
1068 2861 1254 2926 turbatum.

296 3011 349 3023 —
393 2980 648 3062 :superarentur
697 2982 844 3063 denique
868 2983 998 3047 factum
1023 2992 1076 3048 est
1091 3004 1233 3066 regnum
1251 2985 1400 3050 tributa·

536 3077 647 3160 perdi-
718 3081 818 3158 rium,
865 3089 901 3145 et
940 3084 1100 3167 princeps
1144 3084 1401 3166 provinciarum

464 3174 554 3239 dietis
718 3179 812 3245 fectu
836 3187 902 3258 est,
926 3183 1012 3264 prob
1043 3182 1160 3247 dolor!
1188 3184 1399 3264 ignobilibus

718 3281 783 3343 sub
808 3281 949 3344 tributo.
1002 3282 1060 3358 Et,
1086 3281 1173 3346 inita
1204 3301 1330 3364 guerra
1362 3290 1398 3348 et

718 3378 778 3442 diu
813 3379 996 3462 protelata,
1025 3387 1181 3444 mortuus
1213 3388 1266 3445 est
1300 3389 1401 3464 pater

718 3485 834 3541 vester
850 3480 950 3561 quasi
977 3480 1138 3557 extorris,
1165 3480 1287 3543 necin
1313 3500 1400 3563 pace

719 3578 817 3658 regui
831 3579 887 3642 vel
901 3579 1004 3642 animi
1018 3599 1027 3657 3
1051 3586 1086 3642 et
1101 3579 1151 3642 sic
1169 3585 1314 3643 mortem
1336 3599 1400 3662 per

718 3695 778 3738 eos
798 3676 980 3740 admodum
997 3679 1142 3742 incurrit
1156 3679 1397 3761 periculosam.

706 3772 788 3836 -Per
804 3774 894 3837 idem
914 3776 1096 3839 concilium
1116 3785 1238 3842 contra
1255 3798 1318 3842 vos
1341 3777 1400 3842 de-

719 3878 851 3935 tentum
873 3873 939 3938 fuit
955 3877 1135 3939 castellum
1157 3877 1200 3940 de
1217 3877 1400 3954 Bedeford,

719 3971 778 4034 ubi
801 3972 948 4038 multum
971 3975 1170 4039 thesaurum
1186 3984 1222 4040 et
1238 3984 1400 4041 strenuos

717 4070 873 4135 homines
894 4074 1095 4156 perdidisti3
1119 4076 1163 4138 ob
1187 4094 1290 4157 quam
1316 4095 1399 4140 cau·

717 4189 792 4234 sam
815 4171 954 4236 interim
986 4173 1172 4255 Rupellam
1194 4175 1230 4237 in
1252 4175 1400 4256 ignomi-

716 4270 808 4333 niam
825 4272 933 4335 totius
949 4273 1048 4354 regni
1063 4272 1114 4336 tui
1131 4273 1300 4338 amisisti’

293 4383 367 4459 296,
406 4384 437 4458 1,
453 4381 494 4446 ill
691 4390 781 4457 deest,

291 4546 342 4558 -
406 4543 432 4557 -
457 4526 641 4594 que...rey-
692 4534 782 4578 nunc
812 4515 994 4583 imminens
1026 4524 1100 4583 toto
1128 4538 1235 4602 regno
1264 4519 1396 4602 pericu·

455 4615 602 4671 uooouro
711 4614 797 4679 losa.
