3384 5625
675 805 876 854 nncrrouns
900 805 1035 853 viarm.
1335 792 1402 856 309

346 987 509 1050 honorem
543 1005 654 1050 meum
698 988 798 1052 amisi
833 986 1112 1052 lamentabiliter.
1174 987 1304 1069 Exegit
1334 988 1401 1071 igi-

345 1093 413 1149 tur.

294 1209 371 1347 did,
385 1210 442 1347 ἓξ,
459 1280 622 1356 compatru-
694 1272 826 1355 praevia
841 1272 986 1337 ratione.

683 1495 788 1560 'addit
805 1496 928 1573 Paris,
946 1496 998 1559 Te
1022 1503 1061 1560 ut
1081 1496 1207 1560 laicum
1231 1496 1398 1562 hacteuus

718 1597 870 1676 gessisti,
893 1616 914 1659 a
929 1602 963 1659 te
988 1596 1107 1676 igitur,
1124 1603 1164 1659 ut
1180 1614 1201 1658 a
1219 1595 1321 1673 laico,
1342 1599 1398 1662 cui

717 1714 831 1758 meum
859 1695 1013 1758 commisi
1036 1694 1247 1771 thesaurum,
1269 1696 1396 1779 exigo;
1458 1773 1466 1790 .

717 1801 953 1858 veruntamen.

291 1957 344 1967 -
388 1918 441 1992 34,
467 1916 510 1980 Ut
525 1964 533 1979 .
549 1964 576 1980 ..
591 1938 644 1981 rac
695 1915 752 1979 Ad
781 1917 873 1998 quod
901 1937 977 1981 cum
997 1916 1148 1979 siluisset
1169 1915 1396 1999 archiepisco-

716 2036 793 2098 puS,
810 2017 904 2080 misit
920 2037 983 2081 rex
999 2016 1201 2098 praedictum
1218 2015 1371 2080 Petrum.

291 2173 344 2183 —
388 2134 441 2215 37,
459 2148 602 2203 armatus
693 2139 847 2218 indutus,
864 2147 1006 2223 gestans
1028 2139 1220 2203 anelacium
1242 2140 1286 2202 ad
1311 2141 1396 2205 lum-

715 2240 806 2303 bare.

293 2363 367 2439 314,
407 2364 439 2437 l,
453 2360 574 2425 decaden
588 2410 596 2425 .
610 2410 618 2427 .
634 2410 643 2425 .
696 2363 861 2443 decebat;
886 2364 991 2426 immo
1007 2362 1108 2425 multi
1124 2361 1210 2425 illud
1228 2363 1397 2445 interpre-

459 2462 495 2524 iu
512 2462 597 2525 turri
719 2464 884 2527 tabautur
905 2462 1055 2525 deterius
1078 2480 1182 2543 quam
1204 2469 1244 2525 ut
1260 2462 1327 2526 dici
1342 2463 1397 2527 vel

460 2560 643 2625 Loudouic-
718 2564 822 2625 scribi
836 2563 966 2625 deceat.
1008 2562 1054 2624 Et
1067 2569 1149 2624 tunc
1160 2559 1285 2625 Petrus
1300 2562 1396 2627 flevit

458 2680 529 2722 rann
718 2680 844 2737 amare,
878 2660 1010 2723 scilicet
1031 2658 1227 2741 ingrediens
1254 2662 1395 2725 navicu-

715 2759 785 2824 lam
811 2760 987 2824 ducendus
1014 2759 1057 2823 ad
1076 2759 1196 2823 turrim
1215 2759 1394 2843 supradic-

717 2868 799 2923 tam.
854 2859 1064 2923 Fuitantem
1084 2859 1189 2923 inea.

291 3018 342 3031 —
387 2985 439 3061 16,
456 2984 588 3048 domimo
693 2986 799 3050 exilio
814 2985 995 3067 relegaret.

456 3083 593 3148 acclama

291 3246 343 3257 -
386 3207 439 3283 25,
454 3206 508 3270 dor
525 3207 590 3292 rogi
696 3202 782 3266 alios
794 3203 934 3266 altiores
952 3221 1005 3278 eo,
1018 3202 1149 3266 medios
1164 3203 1295 3266 scilicet
1306 3203 1397 3267 inter

458 3306 596 3369 animum
716 3322 832 3382 regern
853 3310 888 3365 et
913 3321 1003 3377 eum,
1023 3302 1148 3382 quibus
1172 3321 1310 3365 necesse
1335 3302 1397 3366 ha-

456 3404 520 3487 ey‘us
717 3401 792 3465 buit
813 3401 1009 3464 immediate
1029 3401 1249 3481 respondere,
1275 3407 1395 3482 utpote

717 3500 911 3564 Walterum
929 3498 1190 3562 Karleolensem
1203 3508 1237 3563 et
1251 3498 1394 3563 Petrum

716 3599 758 3662 de
775 3598 937 3676 Rivalus,
955 3617 1023 3661 nou
1039 3616 1106 3674 me,
1128 3599 1335 3679 redarguat3
1359 3605 1395 3662 et

715 3700 765 3762 sic
792 3699 834 3763 de
860 3698 937 3762 aliis
965 3698 1145 3761 umbonem
1175 3697 1305 3761 faciens
1336 3696 1395 3760 de-

716 3797 881 3862 fensionis
910 3797 1064 3874 recessit,
1090 3797 1126 3860 in
1154 3796 1241 3860 alios
1266 3796 1394 3860 crimen

716 3899 957 3981 retorquendo.
1010 3897 1056 3960 Et
1079 3897 1128 3960 sic
1154 3897 1335 3960 abscondit
1358 3915 1395 3961 se

716 3997 840 4059 iterum
858 3997 1032 4059 Robertus
1051 3994 1219 4070 Paslewe,
1239 3997 1298 4076 qui
1313 4002 1394 4076 post

716 4094 911 4159 Walterum
952 4092 1214 4156 Karleolensem
1245 4091 1393 4156 officium

717 4193 921 4258 thesaurarii
956 4192 1268 4268 administraverat,
1300 4191 1392 4274 quod

715 4295 819 4358 etiam
835 4312 857 4356 a
874 4293 1055 4373 diligenter
1070 4293 1304 4375 quaerentibus
1321 4291 1393 4355 ani·

715 4414 806 4458 mam
823 4393 977 4476 ejusvix
990 4398 1043 4455 est
1062 4391 1121 4454 ubi
1145 4390 1233 4456 foret
1250 4392 1392 4455 abscon-

716 4494 808 4556 ditus
830 4493 1029 4556 revelatum.
1083 4490 1163 4554 Rex
1187 4499 1302 4554 autem
1325 4492 1391 4553 fre·

716 4602 772 4656 tus
801 4592 944 4656 consiliu
977 4591 1105 4654 saniori
1130 4591 1317 4672 Hugonem
1349 4590 1391 4652 de
