3384 5625
676 803 875 852 cocciones
898 804 1030 851 vnmn.
1337 788 1401 851 197

295 929 371 1068 dii),
385 930 474 1073 iliis
491 992 645 1055 Dominus
696 990 894 1084 ‘Dominus
914 990 1019 1068 dedit,
1038 992 1207 1056 Dominus
1232 993 1396 1071 abstulit3

457 1092 553 1167 dedit,
581 1093 645 1155 Do
715 1087 796 1153 forti
825 1092 942 1154 animo
976 1092 1050 1156 haec
1081 1100 1163 1156 sunt
1194 1093 1395 1156 toleranda’

459 1191 560 1254 minue
579 1190 645 1255 obs·
716 1189 763 1254 Et
788 1208 867 1252 cum
891 1190 981 1254 inter
1006 1199 1133 1255 caetera
1154 1192 1397 1256 abominabilia

459 1290 554 1367 tutte:
583 1300 611 1355 et
714 1306 736 1350 a
756 1308 837 1369 rege
863 1297 1063 1371 perpetrata
1088 1300 1124 1355 et
1145 1292 1218 1354 suis
1242 1292 1393 1373 spurcis·

459 1399 567 1453 catera
585 1436 594 1452 .
612 1436 643 1453 ..
716 1387 811 1451 simis
827 1389 1063 1471 complicibus,
1086 1389 1270 1453 audierunt
1293 1391 1396 1454 etiam

458 1498 569 1573 quarto
592 1510 644 1552 no
717 1505 844 1550 uxores
869 1496 904 1552 et
932 1488 1022 1551 filias
1050 1508 1131 1553 suas
1161 1489 1308 1553 ludibrio
1336 1509 1397 1553 ex-

456 1588 645 1652 ncsDeceme
715 1587 861 1667 positae,
911 1587 1175 1669 ingemiscentes
1224 1588 1396 1666 dicebant,

462 1685 526 1750 bris
715 1683 830 1748 ‘Haec
854 1686 937 1748 facit
967 1686 1163 1749 carissimus
1192 1687 1228 1750 in
1256 1686 1396 1751 Christo

715 1784 806 1847 filius
826 1804 939 1866 papae,
957 1785 1017 1867 qui
1031 1804 1131 1848 suum
1143 1786 1312 1849 vasallum
1324 1795 1395 1851 tam

714 1884 858 1947 liberum
881 1891 916 1947 et
942 1884 1056 1948 nobile
1074 1905 1216 1966 regnum
1240 1884 1396 1950 inaudita

719 1984 873 2047 novitate
882 1982 1125 2065 subjugantem
1135 1991 1263 2048 tuetur.
1303 1986 1396 2049 Proh

717 2081 834 2145 dolor!
888 2081 957 2159 Qui
998 2082 1125 2146 mederi
1161 2085 1288 2148 mundo
1322 2085 1397 2148 lan-

717 2181 837 2261 guenti
855 2181 1006 2257 deberet,
1025 2201 1192 2245 venenum
1214 2184 1396 2249 manifeste

716 2280 752 2342 in
784 2281 1053 2361 congregatione
1080 2300 1281 2363 pauperum,
1309 2303 1397 2365 quos

717 2378 879 2443 debemus
896 2380 1075 2444 ecclesiam
1094 2381 1281 2463 appellare,
1293 2382 1396 2446 effun-

716 2478 778 2542 dit.
821 2473 973 2542 ‘Tanto¹
990 2482 1209 2561 conspectius
1225 2482 1261 2544 in
1277 2502 1314 2544 se
1330 2485 1396 2546 cri-

716 2597 794 2639 men
810 2576 926 2653 babet,
940 2585 1072 2659 quanto
1087 2579 1146 2660 qni
1163 2579 1274 2663 major
1295 2579 1396 2644 habe·

716 2675 796 2738 tur!
841 2674 910 2737 His
936 2684 971 2740 et
994 2677 1071 2739 aliis
1098 2678 1211 2740 verbis
1230 2677 1395 2743 lamenta-

715 2774 843 2838 bilibus
877 2783 1044 2857 ponentes
1075 2794 1114 2839 os
1145 2795 1243 2840 suum
1273 2777 1395 2843 illicito

715 2875 816 2938 modo
828 2877 1137 2958 conquerebantur.
1171 2876 1301 2941 Eodem
1313 2885 1398 2941 tem-

716 2993 800 3056 pore
834 2975 1015 3039 Falcasius
1048 2976 1138 3057 cepit
1173 2978 1395 3060 municipium

717 3074 883 3138 Willelmi
904 3074 1054 3138 Maudut
1077 3075 1119 3138 de
1142 3074 1348 3160 Hamslape,
1361 3087 1397 3142 et

716 3175 904 3254 prostravit
921 3183 1045 3255 quarto
1067 3175 1228 3239 calendas
1251 3176 1395 3240 Decem·

716 3272 799 3334 bris.
852 3272 981 3334 Eodem
997 3273 1052 3335 die
1068 3281 1171 3354 capta
1187 3282 1240 3338 est
1251 3276 1395 3339 munitio

716 3371 759 3433 de
777 3371 991 3451 -Tuneburge
1017 3371 1152 3434 comitis
1180 3373 1222 3435 de
1248 3372 1351 3437 Clare
1375 3394 1396 3437 a

718 3468 938 3532 Roffensibus
961 3468 1168 3533 castellania.
1221 3471 1290 3534 Per
1305 3472 1394 3535 idem

717 3574 853 3649 tempus
877 3568 1056 3632 Falcasius
1079 3568 1122 3632 ad
1147 3570 1327 3634 castellum
1353 3572 1396 3636 de

697 3751 702 3758 .
718 3667 889 3731 Bedeford
906 3670 1046 3732 veniens
1062 3688 1083 3732 a
1098 3670 1298 3734 custodibus
1311 3671 1395 3734 illud

716 3768 845 3848 exegit,
862 3767 921 3850 qui
945 3768 1083 3831 tandem
1108 3777 1239 3851 septem
1263 3770 1394 3834 dierum

630 3937 633 3943 ,
716 3868 868 3948 acceptis
882 3867 1040 3942 induciis,
1058 3887 1133 3932 cum
1150 3868 1289 3935 domiuo
1305 3870 1395 3935 Wil-

717 3965 819 4027 lelmo
851 3964 893 4027 de
925 3965 1165 4048 Bello-campo
1198 3970 1289 4032 infra
1322 3971 1395 4033 dies

715 4070 922 4126 memoratos
958 4083 1026 4125 non
1060 4063 1223 4130 baberent
1257 4087 1397 4131 succur-

715 4180 804 4237 sum,
828 4161 1050 4226 reddiderunt
1072 4165 1251 4226 castellum
1272 4166 1396 4229 Falco-

715 4259 766 4322 sio
781 4259 960 4342 praedicto,
982 4269 1106 4343 quarto
1125 4282 1233 4326 nonas
1254 4265 1395 4328 Decem-

713 4359 796 4423 bris.
850 4358 930 4423 Rex
950 4367 1065 4424 autem
1088 4362 1189 4426 nimis
1211 4372 1395 4447 acceptans

656 4579 773 4645 ¹Tunto.]
791 4580 911 4633 Juvenal.
923 4584 975 4632 viii.
989 4587 1044 4634 llo.
