3384 5625
320 778 363 843 12

320 923 377 960 m.
417 922 469 957 Ul.

319 987 372 1061 25,
435 979 670 1068 l,p0riculo...

479 1082 593 1146 domm

318 1244 370 1254 —
436 1209 467 1282 2,
486 1205 644 1270 vincerent

317 1365 369 1376 —
434 1329 468 1402 6,
485 1326 540 1391 uti

318 1488 369 1498 —
435 1448 466 1526 7,
482 1448 639 1513 monachat

484 1549 638 1613 institutas

318 1709 370 1720 —
434 1674 467 1749 9,
482 1672 641 1736 constituit

319 1832 370 1843 —
416 1792 467 1872 17,
476 1794 671 1881 primoyont-

694 792 894 840 merlonus
921 794 1052 841 vem.

720 979 916 1061 periculosa
931 1027 940 1043 .
953 1026 983 1042 ..
998 980 1178 1042 damnosa.

720 1205 918 1268 obruerunt.

720 1327 804 1410 quia
818 1312 878 1391 ibi.

721 1453 909 1517 monachos
926 1453 1089 1517 instituit.

720 1673 810 1737 deest.

720 1797 973 1880 primogenitus
992 1796 1180 1861 Robertus.

720 2021 757 2083 in
774 2039 918 2083 uxorem
937 2020 1054 2095 ducta,
1076 2019 1168 2102 patri
1191 2018 1350 2082 affinibus
1368 2018 1428 2081 ad·

485 2339 647 2404 Ricardss

320 2796 371 2807 -
416 2756 469 2838 27,
484 2779 567 2823 mors

320 2920 371 2931 -
416 2885 469 2960 28,
477 2885 602 2967 foresta

322 3009 374 3083 26,
438 3011 468 3085 4,
485 3007 639 3072 Emensis

321 3168 373 3179 —
439 3135 469 3208 5,
495 3152 560 3216 quae
586 3179 594 3194 .
613 3178 620 3194 .
639 3178 646 3194 .
665 3179 672 3193 .

472 3230 650 3317 Aeylorum

321 3391 373 3402 -
440 3352 470 3433 7,
486 3378 551 3441 quae
569 3404 577 3420 .
593 3405 600 3420 .
618 3364 675 3420 ,itt

466 3456 676 3541 praedisimws

322 3616 374 3626 —
438 3582 469 3656 9,
486 3601 552 3663 quae

322 3744 373 3754 -
417 3704 470 3778 10,
480 3702 597 3784 jurata

323 3856 374 3872 -
419 3826 470 3901 12,
486 3823 617 3908 respoeit

324 3984 375 3994 —-
418 3982 462 3994 —
477 3946 646 4032 soemieam

486 4044 570 4111 nihil

323 4208 375 4219 —
421 4168 676 4248 semidiem.

491 4270 550 4334 dus

324 4431 374 4440 —
419 4393 471 4469 26,
481 4390 598 4476 paucis
614 4438 621 4453 .
640 4438 647 4452 .
669 4438 676 4452 .

403 4504 407 4513 '
485 4489 627 4574 defuneto

739 2119 841 2203 jutus
857 2118 985 2182 bellum
1002 2127 1169 2183 moveret.

722 2263 830 2326 quare
847 2244 1085 2307 benedictione
1100 2252 1136 2308 et
1148 2243 1352 2309 haereditate
1367 2261 1428 2325 pa-

745 2352 845 2407 terna
876 2344 1019 2407 orbatus
1048 2344 1085 2406 in
1111 2342 1252 2425 Angliae
1281 2361 1427 2424 regnum

745 2449 826 2525 post
855 2451 999 2506 mortem
1033 2443 1143 2525 patris
1170 2444 1225 2506 sui
1251 2461 1320 2505 non
1349 2460 1428 2504 suc-

745 2542 863 2618 cessit,
878 2541 1042 2606 ducatum
1063 2540 1290 2605 Normanuiee
1311 2548 1429 2605 autem

746 2642 807 2705 vix
821 2642 975 2706 retinuit.
1029 2640 1123 2705 Rex.

724 2774 846 2831 morte.

725 2891 836 2974 sylva.

729 3014 926 3078 Beccensis.

725 3137 844 3202 desum.

724 3358 842 3423 demi.

726 3583 815 3647 deest.

727 3705 959 3787 desponsatae.

727 3827 872 3910 respuit.

726 3951 887 4016 foeminas
904 3948 1055 4032 quidvis.

730 4173 991 4238 Hildebrandus
1009 4172 1148 4237 dicitur.

727 4394 783 4458 cui
800 4400 881 4477 post
899 4410 1029 4474 paucos
1046 4391 1119 4454 dies
1136 4390 1309 4455 defuncto.
