3384 5625
352 751 395 814 64
725 770 925 819 nncvrouus
949 770 1080 818 viarm.

350 950 477 1013 tumuit
502 949 592 1011 enim
618 951 781 1032 superbia
803 951 903 1013 nimis
929 957 963 1013 et
990 948 1274 1025 detractionibus,
1295 949 1463 1014 maledic·

349 1048 500 1111 tionibus
524 1056 559 1112 et
581 1051 814 1130 querimoniis
842 1069 920 1111 cum
945 1049 1060 1130 potius
1087 1048 1211 1112 divinis
1230 1048 1364 1131 jugiter
1394 1051 1457 1112 ob-

350 1148 480 1228 sequiis
501 1155 536 1210 et
561 1150 719 1229 precibus
739 1148 886 1212 assiduis
909 1148 1105 1210 incubuisse
1127 1153 1312 1223 teneretur,
1333 1154 1457 1229 utpote

350 1245 408 1308 diu
437 1245 585 1310 afflictus
619 1255 655 1311 et
682 1247 758 1330 jam
787 1267 904 1322 senex,
935 1267 1036 1329 quem
1066 1246 1264 1328 frequenter
1295 1265 1374 1309 cum
1407 1245 1458 1309 la-

350 1344 500 1429 chrymis
534 1345 647 1409 dicere
675 1348 791 1427 potius
818 1346 1002 1421 decuisset,
1032 1344 1191 1409 ‘Merito
1221 1345 1296 1408 haec
1328 1345 1457 1426 patior,

349 1443 454 1507 immo
477 1444 638 1524 graviora
661 1446 845 1527 promerui,
872 1444 932 1527 qui
951 1445 1144 1526 procaciter
1160 1444 1287 1527 jugum
1311 1443 1458 1507 Domini

350 1543 443 1624 quod
473 1551 668 1627 estsuave,
697 1552 731 1607 et
758 1563 844 1607 onus
872 1544 947 1626 ejus
982 1543 1074 1626 quod
1106 1549 1159 1605 est
1187 1541 1274 1618 leve,
1298 1541 1341 1605 de
1364 1543 1456 1606 collo

350 1662 427 1705 meo
455 1642 490 1704 in
516 1649 609 1705 terra
629 1649 751 1705 sancta
771 1643 920 1718 excussi,
947 1648 982 1705 et
1008 1641 1162 1705 oblatum
1188 1641 1322 1705 caelitus
1348 1640 1456 1705 bono-

350 1761 422 1803 rem
455 1741 627 1804 refutavi.’
680 1741 748 1804 Sed
774 1741 822 1804 nil
850 1741 970 1805 horum
1000 1740 1035 1803 in
1066 1760 1126 1804 ore
1156 1740 1351 1821 arrogantis
1378 1760 1456 1823 per-

349 1841 477 1903 sonuit.
530 1839 687 1921 Contigit
709 1840 817 1922 igitur
832 1860 902 1903 uno
919 1840 1050 1903 dierum
1066 1839 1279 1915 festivorum,
1297 1858 1374 1902 cum
1391 1860 1456 1903 rex

349 1957 477 2001 novam
502 1940 622 2001 robam
645 1940 688 2001 de
717 1939 866 2003 scarleto
896 1957 1045 2013 sumens,
1074 1946 1234 2001 assuetus
1262 1938 1304 2001 de
1334 1938 1455 2002 eodem

349 2055 479 2117 panno,
504 2038 639 2119 quoties
670 2044 705 2100 et
725 2037 785 2101 ille
814 2045 1022 2119 sumpserat,
1045 2036 1144 2100 fratri
1166 2056 1230 2099 suo
1258 2044 1457 2101 reverenter

349 2135 596 2211 transmittere,
620 2155 742 2218 capam
765 2145 949 2200 conaretur
970 2136 1124 2211 induere,
1142 2135 1235 2216 quod
1258 2136 1391 2199 invenit
1404 2136 1456 2198 in-

349 2234 492 2297 troitum
511 2235 659 2315 capucii,
679 2236 739 2317 qui
756 2236 914 2316 gulerum
931 2234 1123 2316 vulgariter
1142 2233 1279 2297 Gallice
1298 2233 1454 2316 appella-

350 2339 419 2409 tur,
450 2333 550 2394 nimis
582 2340 736 2413 arctum;
770 2333 850 2397 inde
878 2333 1035 2414 contigit,
1065 2333 1157 2415 quod
1188 2352 1292 2396 unam
1322 2339 1454 2396 suturae

348 2438 555 2513 puncturam
588 2438 724 2496 tantum
755 2432 976 2513 confringens
1010 2451 1086 2496 eam
1119 2431 1290 2513 deposuit,
1324 2438 1359 2494 et
1393 2432 1454 2509 ait,

350 2529 464 2594 ‘Haec
483 2548 571 2611 capa
597 2530 772 2595 deferatur
794 2531 910 2594 danda
935 2531 1034 2594 fratri
1056 2550 1133 2593 meo
1159 2530 1250 2606 duci,
1272 2530 1332 2613 qui
1352 2549 1454 2611 argu·

350 2629 419 2692 tius
446 2648 500 2691 me
526 2638 632 2711 caput
651 2629 780 2694 habet!
831 2629 921 2709 Quae
941 2649 1019 2693 cum
1040 2630 1107 2711 ipsi
1129 2629 1245 2693 delata
1264 2629 1386 2693 fuisset
1403 2630 1455 2692 in-

349 2727 499 2805 duenda,
519 2729 652 2793 invenit
675 2729 769 2793 illam
792 2729 867 2813 jam
895 2730 1023 2794 dictam
1045 2736 1261 2812 puncturam,
1284 2746 1362 2811 quae
1393 2749 1455 2811 per

350 2829 519 2892 incuriam
536 2829 706 2906 incisoris,
724 2831 806 2912 quia
827 2830 969 2892 minima
991 2837 1078 2904 erat,
1100 2828 1358 2910 relinquebatur
1384 2848 1455 2893 non

349 2932 478 2991 resuta.
531 2925 593 2989 Ait
617 2927 701 3004 dux,
728 2926 856 2990 ‘Unde
880 2928 966 3005 baec,
991 2945 1094 3009 quam
1119 2927 1243 3003 sentio,
1263 2926 1453 2992 fractural'

350 3023 396 3087 Et
412 3023 554 3088 nuntius
572 3044 650 3106 quae
670 3027 890 3107 contigerant
904 3026 1058 3090 seriatim
1079 3026 1158 3089 duci
1175 3025 1355 3092 referebat.
1408 3027 1455 3091 Et

351 3122 424 3185 dux
449 3123 550 3206 quasi
575 3123 647 3186 alto
673 3124 814 3189 vulnere
841 3125 979 3188 saucius
1009 3125 1147 3206 irrugiit
1169 3125 1297 3200 dicenS,
1323 3124 1454 3190 ‘Heul

350 3220 439 3284 beu!
477 3241 568 3284 nunc
597 3223 698 3286 nimis
731 3224 835 3303 vivo;
872 3224 954 3307 quid
986 3223 1099 3287 adhuc
1129 3222 1314 3287 infoelicem
1345 3226 1453 3289 vitam

350 3320 536 3402 pertrahet
589 3320 679 3385 Ecce
709 3321 816 3387 frater
845 3343 953 3399 meus,
982 3324 1087 3386 immo
1116 3322 1272 3403 proditor
1296 3342 1393 3386 meus
1419 3331 1455 3388 et

350 3420 605 3502 supplantator,
628 3422 739 3485 minor
767 3431 853 3487 natu
881 3431 915 3486 et
937 3423 1084 3503 ignavus
1115 3420 1309 3498 clericulus,
1335 3440 1377 3485 ac
1400 3423 1453 3484 in-

343 3519 499 3599 Juriosus
531 3521 628 3600 regni
661 3520 728 3583 mei
759 3540 950 3602 possessor,
987 3521 1046 3603 qui
1077 3539 1131 3583 me
1161 3520 1390 3584 incarceravit
1419 3529 1454 3585 et

348 3618 598 3680 incarceratum
623 3620 826 3694 excaecavit,
852 3620 911 3700 qui
930 3625 983 3682 tot
1007 3638 1178 3681 armorum
1200 3618 1311 3682 titulis
1331 3619 1452 3698 clarui,

345 3715 420 3798 jam
449 3714 535 3778 adeo
564 3735 617 3777 me
641 3716 773 3796 spernit
799 3725 834 3781 et
860 3716 962 3782 vilem
987 3717 1103 3795 babet,
1123 3725 1163 3782 ut
1182 3717 1266 3781 mibi
1286 3726 1451 3801 tanquam

348 3813 585 3894 praebendario
615 3832 678 3877 suo
712 3834 776 3896 pro
802 3815 1022 3899 eleemosyna
1055 3835 1138 3880 suos
1173 3823 1306 3881 veteres
1339 3825 1453 3887 trans-

350 3912 467 3975 mittat
491 3919 527 3976 et
551 3911 701 3976 dissutos
725 3914 951 3996 panniculos'
1004 3915 1108 3978 Flens
1132 3915 1241 3995 igitur
1260 3923 1296 3980 et
1317 3915 1454 3998 ejulans

349 4011 488 4075 devovit
512 4011 731 4089 manducare,
759 4033 822 4076 nec
847 4033 999 4097 unquam
1027 4023 1150 4096 postea
1175 4015 1286 4079 voluit
1308 4015 1454 4079 mandu-

349 4129 428 4173 care
453 4111 506 4174 vel
537 4113 665 4186 bibere,
697 4112 733 4174 in
766 4114 952 4195 semetipso
990 4113 1180 4176 desaeviens
1211 4119 1247 4176 et
1281 4113 1454 4178 deficiens.

350 4207 452 4287 Quod
481 4229 557 4272 cum
584 4231 645 4273 rex
674 4211 838 4288 audisset,
869 4233 938 4276 non
966 4213 1111 4275 multum
1134 4210 1331 4285 condolens,
1346 4212 1455 4295 jussit

348 4325 474 4387 corpus
508 4308 544 4369 in
577 4309 723 4372 ecclesia
761 4310 983 4375 conventuali
1020 4309 1219 4373 Gloverniae
1257 4319 1455 4375 reverenter

348 4405 497 4485 sepeliri.
