3384 5625
292 776 358 839 194
664 790 861 838 anemonas
885 791 1019 838 vnnrnr.

347 990 436 1052 non3
472 972 574 1048 absit,
604 973 701 1054 gluto
732 974 891 1054 pessime,
926 980 965 1036 ut
997 973 1032 1036 in
1065 979 1223 1035 sanetum
1254 973 1397 1036 Domini

346 1080 491 1136 mortem
516 1073 761 1153 procuremus.'
813 1072 860 1135 Et
880 1072 951 1148 ille,
968 1077 978 1105 ‘
995 1072 1076 1135 Non
1098 1080 1254 1153 parceret
1278 1073 1342 1135 tibi
1363 1074 1400 1135 in

347 1170 514 1235 consimili
528 1173 635 1233 casn!
686 1172 777 1233 Tum
792 1170 999 1247 willelmus,
1018 1171 1121 1234 ‘Fiat
1135 1170 1276 1235 Domini
1291 1173 1398 1235 bene·

347 1270 522 1352 placitum.
565 1269 733 1333 Dominus
750 1270 921 1351 disponet,
938 1290 1006 1333 non
1023 1270 1105 1333 ille!
1141 1270 1183 1333 In
1196 1270 1261 1333 hoc
1274 1270 1397 1333 similis

349 1374 424 1432 erat
440 1368 555 1431 David
573 1370 745 1450 parcentis
761 1368 858 1444 Saul,
874 1388 951 1431 cum
969 1368 1134 1433 occidisse
1149 1370 1274 1450 potuit.
1318 1369 1400 1432 Hoc

349 1475 471 1550 postea
494 1487 563 1531 non
586 1467 688 1532 latuit
710 1487 846 1549 regem3
871 1487 933 1530 nec
956 1469 1000 1531 ob
1028 1467 1093 1531 hoc
1119 1468 1230 1532 voluit
1255 1487 1398 1549 parcere

349 1578 465 1650 capto,
497 1566 580 1649 quin
618 1568 730 1649 ipsum
766 1566 1012 1649 suspendisset,
1055 1568 1085 1629 si
1124 1568 1327 1651 permissum
1368 1567 1399 1630 ei

350 1667 483 1730 fuisset.

302 1790 375 1927 titii,
404 1790 649 1927 ¹⁴1irsrtostrrun...
702 1850 849 1934 alicujus
863 1852 1161 1932 tergiversatione.

463 1949 641 2034 cujusquam

301 2115 351 2126 -
417 2073 651 2152 8,Qe0‹l...et
702 2072 820 2136 meant.

468 2181 574 2235 oaeteru

300 2337 351 2346 -
397 2299 450 2371 18,
467 2304 652 2379 rariupoante
703 2305 817 2360 tamen
835 2297 1060 2361 reclamantes
1075 2296 1288 2361 illiteratum.

467 2401 567 2455 tamn
586 2393 651 2457 illi-

465 2500 604 2554 taratara

301 2657 352 2667 -
397 2616 450 2693 22,
459 2623 590 2700 propter
601 2663 608 2678 .
621 2662 651 2679 ..
703 2616 796 2678 ineo
814 2614 1005 2689 scientiam,
1028 2633 1132 2695 quam
1154 2614 1332 2695 appellant
1349 2631 1403 2676 sa-

465 2713 595 2778 obtiuere
725 2714 903 2795 pientiam,
931 2713 1061 2776 seilicet
1087 2732 1220 2775 morum
1249 2718 1404 2776 aromate

727 2814 901 2877 conditam
927 2812 1117 2887 scientiam,
1144 2811 1285 2895 insuper
1309 2811 1406 2875 favo-

726 2932 798 2975 rem
815 2912 943 2974 domini
960 2930 1060 2992 papae
1075 2910 1240 2974 obtinere.

303 3068 354 3078 —
398 3035 452 3106 35,
461 3034 588 3115 penitus
705 3033 791 3097 deest.

305 3156 379 3228 340,
419 3150 450 3228 7,
465 3153 653 3238 domioipo-
704 3154 820 3218 daumii.

459 3274 511 3337 με
523 3254 654 3337 famili·

465 3373 533 3415 arte

306 3468 380 3541 341,
420 3468 449 3542 2,
457 3468 570 3550 fuerat
703 3470 780 3534 fuit.

306 3635 356 3644 -
422 3597 452 3668 4,
468 3593 557 3678 quasi
565 3614 627 3676 pro
705 3594 847 3657 nullam.

472 3690 569 3753 nilico

307 3852 358 3859 —
402 3816 454 3888 25,
473 3821 570 3875 certus
705 3819 833 3875 tantus

308 3974 358 3983 —
403 3940 454 4013 30,
466 3936 657 3999 ciuitatum..
705 3941 907 4016 magnatum
924 3935 1103 4000 civitatum
1121 3945 1155 4001 et
1172 3938 1330 4002 aliorum.

467 4035 660 4120 aliorumque

311 4162 384 4234 342,
421 4156 451 4235 7,
467 4158 581 4243 nequid
706 4156 794 4219 deest.

310 4318 360 4327 —
426 4284 457 4355 8,
475 4290 510 4342 ut
707 4299 799 4343 vero.

311 4444 362 4453 -
407 4399 458 4476 27,
472 4402 610 4463 erramina
703 4402 845 4485 judicio.

312 4564 363 4572 —
407 4527 458 4600 32,
464 4524 596 4608 proprie
604 4523 663 4587 sibi
708 4527 846 4607 proprio
860 4525 924 4588 sibi
940 4524 1030 4588 solio.

464 4644 597 4706 PWPW’
