<?xml version="1.0" encoding="UTF-8"?>
<!DOCTYPE html PUBLIC "-//W3C//DTD XHTML 1.0 Transitional//EN"
    "http://www.w3.org/TR/xhtml1/DTD/xhtml1-transitional.dtd">
<html xmlns="http://www.w3.org/1999/xhtml" xml:lang="en" lang="en">
 <head>
  <title>
</title>
<meta http-equiv="Content-Type" content="text/html;charset=utf-8" />
  <meta name='ocr-system' content='tesseract 3.04.00' />
  <meta name='ocr-capabilities' content='ocr_page ocr_carea ocr_par ocr_line ocrx_word'/>
</head>
<body>
  <div class='ocr_page' id='page_1' title='image "./rogeridewendove00rogegoog_0158.png"; bbox 0 0 3384 5625; ppageno 0'>
   <div class='ocr_carea' id='block_1_1' title="bbox 295 754 1026 827">
    <p class='ocr_par' dir='ltr' id='par_1_1' title="bbox 295 754 1026 827">
     <span class='ocr_line' id='line_1_1' title="bbox 295 754 1026 827; baseline -0.005 0"><span class='ocrx_word' id='word_1_1' title='bbox 295 763 361 827; x_wconf 86' lang='grc'>136</span> <span class='ocrx_word' id='word_1_2' title='bbox 664 754 865 824; x_wconf 73' lang='lat' dir='ltr'>nrcrrorv&#39;ns</span> <span class='ocrx_word' id='word_1_3' title='bbox 893 775 1026 823; x_wconf 72' lang='lat' dir='ltr'>vanus.</span> 
     </span>
    </p>
   </div>
   <div class='ocr_carea' id='block_1_2' title="bbox 297 956 1446 3008">
    <p class='ocr_par' dir='ltr' id='par_1_2' title="bbox 297 956 1407 1836">
     <span class='ocr_line' id='line_1_2' title="bbox 297 956 1404 1043; baseline -0.009 -17"><span class='ocrx_word' id='word_1_4' title='bbox 297 963 362 1026; x_wconf 93' lang='lat' dir='ltr'>bus</span> <span class='ocrx_word' id='word_1_5' title='bbox 387 959 622 1043; x_wconf 90' lang='lat' dir='ltr'>amplioribus,</span> <span class='ocrx_word' id='word_1_6' title='bbox 641 958 684 1023; x_wconf 91' lang='lat' dir='ltr'>de</span> <span class='ocrx_word' id='word_1_7' title='bbox 708 966 809 1023; x_wconf 91' lang='lat' dir='ltr'>nocte</span> <span class='ocrx_word' id='word_1_8' title='bbox 826 979 889 1041; x_wconf 91' lang='lat' dir='ltr'>per</span> <span class='ocrx_word' id='word_1_9' title='bbox 912 977 1045 1021; x_wconf 90' lang='lat' dir='ltr'>murum</span> <span class='ocrx_word' id='word_1_10' title='bbox 1070 956 1232 1021; x_wconf 91' lang='lat' dir='ltr'>dimissus</span> <span class='ocrx_word' id='word_1_11' title='bbox 1252 956 1285 1018; x_wconf 88' lang='lat' dir='ltr'>in</span> <span class='ocrx_word' id='word_1_12' title='bbox 1299 974 1404 1037; x_wconf 69' lang='lat' dir='ltr'>vmag-</span> 
     </span>
     <span class='ocr_line' id='line_1_3' title="bbox 299 1054 1404 1142; baseline -0.008 -17"><span class='ocrx_word' id='word_1_13' title='bbox 299 1081 380 1125; x_wconf 87' lang='lat' dir='ltr'>num</span> <span class='ocrx_word' id='word_1_14' title='bbox 405 1061 498 1141; x_wconf 87' lang='lat' dir='ltr'>regis</span> <span class='ocrx_word' id='word_1_15' title='bbox 523 1060 684 1122; x_wconf 91' lang='lat' dir='ltr'>damnum</span> <span class='ocrx_word' id='word_1_16' title='bbox 710 1057 898 1142; x_wconf 81' lang='lat' dir='ltr'>prudenter</span> <span class='ocrx_word' id='word_1_17' title='bbox 923 1058 1055 1136; x_wconf 81' lang='lat' dir='ltr'>evasit3</span> <span class='ocrx_word' id='word_1_18' title='bbox 1083 1056 1333 1137; x_wconf 80' lang='lat' dir='ltr'><strong>castellumque</strong></span> <span class='ocrx_word' id='word_1_19' title='bbox 1359 1054 1404 1117; x_wconf 88' lang='lat' dir='ltr'>de</span> 
     </span>
     <span class='ocr_line' id='line_1_4' title="bbox 300 1154 1405 1241; baseline -0.009 -16"><span class='ocrx_word' id='word_1_20' title='bbox 300 1157 500 1225; x_wconf 90' lang='lat' dir='ltr'>Boua-villa</span> <span class='ocrx_word' id='word_1_21' title='bbox 512 1178 618 1241; x_wconf 89' lang='lat' dir='ltr'>supra</span> <span class='ocrx_word' id='word_1_22' title='bbox 632 1156 746 1233; x_wconf 82' lang='lat' dir='ltr'>Tuke,</span> <span class='ocrx_word' id='word_1_23' title='bbox 760 1158 818 1221; x_wconf 94' lang='lat' dir='ltr'>ubi</span> <span class='ocrx_word' id='word_1_24' title='bbox 837 1157 1107 1232; x_wconf 82' lang='lat' dir='ltr'>custodiebatur,</span> <span class='ocrx_word' id='word_1_25' title='bbox 1125 1156 1226 1219; x_wconf 89' lang='lat' dir='ltr'>laetus</span> <span class='ocrx_word' id='word_1_26' title='bbox 1240 1161 1274 1218; x_wconf 89' lang='lat' dir='ltr'>et</span> <span class='ocrx_word' id='word_1_27' title='bbox 1289 1154 1405 1217; x_wconf 89' lang='lat' dir='ltr'>ridens</span> 
     </span>
     <span class='ocr_line' id='line_1_5' title="bbox 300 1251 1404 1338; baseline -0.007 -15"><span class='ocrx_word' id='word_1_28' title='bbox 300 1278 382 1324; x_wconf 85' lang='lat' dir='ltr'>suos</span> <span class='ocrx_word' id='word_1_29' title='bbox 407 1259 579 1335; x_wconf 82' lang='lat' dir='ltr'>custodes,</span> <span class='ocrx_word' id='word_1_30' title='bbox 601 1277 622 1320; x_wconf 90' lang='lat' dir='ltr'>a</span> <span class='ocrx_word' id='word_1_31' title='bbox 643 1265 741 1338; x_wconf 88' lang='lat' dir='ltr'>tergo</span> <span class='ocrx_word' id='word_1_32' title='bbox 763 1256 941 1320; x_wconf 86' lang='lat' dir='ltr'>salutavit.</span> <span class='ocrx_word' id='word_1_33' title='bbox 995 1256 1096 1320; x_wconf 87' lang='lat' dir='ltr'>Unde</span> <span class='ocrx_word' id='word_1_34' title='bbox 1124 1274 1186 1317; x_wconf 83' lang='lat' dir='ltr'>rex</span> <span class='ocrx_word' id='word_1_35' title='bbox 1209 1251 1404 1335; x_wconf 88' lang='lat' dir='ltr'>Anglorum</span> 
     </span>
     <span class='ocr_line' id='line_1_6' title="bbox 301 1352 1405 1434; baseline -0.007 -12"><span class='ocrx_word' id='word_1_36' title='bbox 301 1377 423 1422; x_wconf 90' lang='lat' dir='ltr'>versus</span> <span class='ocrx_word' id='word_1_37' title='bbox 450 1358 641 1421; x_wconf 89' lang='lat' dir='ltr'>Robertum</span> <span class='ocrx_word' id='word_1_38' title='bbox 670 1356 712 1420; x_wconf 96' lang='lat' dir='ltr'>de</span> <span class='ocrx_word' id='word_1_39' title='bbox 738 1357 813 1420; x_wconf 93' lang='lat' dir='ltr'>Ros</span> <span class='ocrx_word' id='word_1_40' title='bbox 838 1355 961 1419; x_wconf 88' lang='lat' dir='ltr'>merito</span> <span class='ocrx_word' id='word_1_41' title='bbox 987 1354 1088 1417; x_wconf 89' lang='lat' dir='ltr'>nimis</span> <span class='ocrx_word' id='word_1_42' title='bbox 1114 1355 1224 1417; x_wconf 89' lang='lat' dir='ltr'>iratus</span> <span class='ocrx_word' id='word_1_43' title='bbox 1249 1352 1340 1434; x_wconf 92' lang='lat' dir='ltr'>cepit</span> <span class='ocrx_word' id='word_1_44' title='bbox 1360 1353 1405 1415; x_wconf 86' lang='lat' dir='ltr'>ab</span> 
     </span>
     <span class='ocr_line' id='line_1_7' title="bbox 302 1452 1406 1534; baseline -0.006 -14"><span class='ocrx_word' id='word_1_45' title='bbox 302 1458 362 1522; x_wconf 92' lang='lat' dir='ltr'>illo</span> <span class='ocrx_word' id='word_1_46' title='bbox 391 1458 484 1520; x_wconf 93' lang='lat' dir='ltr'>mille</span> <span class='ocrx_word' id='word_1_47' title='bbox 514 1465 549 1521; x_wconf 90' lang='lat' dir='ltr'>et</span> <span class='ocrx_word' id='word_1_48' title='bbox 577 1456 743 1520; x_wconf 84' lang='lat' dir='ltr'>ducentas</span> <span class='ocrx_word' id='word_1_49' title='bbox 773 1473 920 1531; x_wconf 75' lang='lat' dir='ltr'>marcaS,</span> <span class='ocrx_word' id='word_1_50' title='bbox 944 1453 1105 1518; x_wconf 89' lang='lat' dir='ltr'>videlicet</span> <span class='ocrx_word' id='word_1_51' title='bbox 1134 1459 1302 1534; x_wconf 89' lang='lat' dir='ltr'>quantum</span> <span class='ocrx_word' id='word_1_52' title='bbox 1330 1452 1406 1533; x_wconf 93' lang='lat' dir='ltr'>ipse</span> 
     </span>
     <span class='ocr_line' id='line_1_8' title="bbox 305 1552 1407 1638; baseline -0.007 -18"><span class='ocrx_word' id='word_1_53' title='bbox 305 1556 414 1638; x_wconf 86' lang='lat' dir='ltr'>Hugo</span> <span class='ocrx_word' id='word_1_54' title='bbox 437 1557 596 1638; x_wconf 88' lang='lat' dir='ltr'>captivus</span> <span class='ocrx_word' id='word_1_55' title='bbox 617 1575 681 1638; x_wconf 93' lang='lat' dir='ltr'>pro</span> <span class='ocrx_word' id='word_1_56' title='bbox 704 1574 768 1618; x_wconf 91' lang='lat' dir='ltr'>sua</span> <span class='ocrx_word' id='word_1_57' title='bbox 790 1561 865 1618; x_wconf 90' lang='lat' dir='ltr'>erat</span> <span class='ocrx_word' id='word_1_58' title='bbox 886 1554 1089 1617; x_wconf 83' lang='lat' dir='ltr'>liberatione</span> <span class='ocrx_word' id='word_1_59' title='bbox 1113 1552 1320 1626; x_wconf 90' lang='lat' dir='ltr'>redditurus,</span> <span class='ocrx_word' id='word_1_60' title='bbox 1343 1570 1407 1632; x_wconf 91' lang='lat' dir='ltr'>pro</span> 
     </span>
     <span class='ocr_line' id='line_1_9' title="bbox 304 1649 1407 1738; baseline -0.007 -19"><span class='ocrx_word' id='word_1_61' title='bbox 304 1676 368 1719; x_wconf 92' lang='lat' dir='ltr'>sua</span> <span class='ocrx_word' id='word_1_62' title='bbox 385 1656 597 1738; x_wconf 79' lang='lat' dir='ltr'>negligentia</span> <span class='ocrx_word' id='word_1_63' title='bbox 611 1662 647 1718; x_wconf 89' lang='lat' dir='ltr'>et</span> <span class='ocrx_word' id='word_1_64' title='bbox 662 1654 828 1736; x_wconf 86' lang='lat' dir='ltr'>praecepti</span> <span class='ocrx_word' id='word_1_65' title='bbox 844 1652 931 1734; x_wconf 88' lang='lat' dir='ltr'>regii</span> <span class='ocrx_word' id='word_1_66' title='bbox 948 1652 1221 1733; x_wconf 88' lang='lat' dir='ltr'>transgressione</span> <span class='ocrx_word' id='word_1_67' title='bbox 1234 1671 1243 1729; x_wconf 90' lang='lat'>;</span> <span class='ocrx_word' id='word_1_68' title='bbox 1266 1657 1302 1714; x_wconf 90' lang='lat' dir='ltr'>et</span> <span class='ocrx_word' id='word_1_69' title='bbox 1316 1649 1407 1713; x_wconf 91' lang='lat' dir='ltr'>Wil-</span> 
     </span>
     <span class='ocr_line' id='line_1_10' title="bbox 304 1752 1186 1836; baseline -0.006 -18"><span class='ocrx_word' id='word_1_70' title='bbox 304 1756 443 1819; x_wconf 91' lang='lat' dir='ltr'>lelmum</span> <span class='ocrx_word' id='word_1_71' title='bbox 458 1755 500 1817; x_wconf 91' lang='lat' dir='ltr'>de</span> <span class='ocrx_word' id='word_1_72' title='bbox 518 1754 661 1836; x_wconf 91' lang='lat' dir='ltr'>Spineto</span> <span class='ocrx_word' id='word_1_73' title='bbox 673 1753 780 1836; x_wconf 89' lang='lat' dir='ltr'>jussit</span> <span class='ocrx_word' id='word_1_74' title='bbox 798 1753 954 1835; x_wconf 89' lang='lat' dir='ltr'>patibulo</span> <span class='ocrx_word' id='word_1_75' title='bbox 971 1752 1186 1835; x_wconf 86' lang='lat' dir='ltr'>praesentari.</span> 
     </span>
    </p>

    <p class='ocr_par' dir='ltr' id='par_1_3' title="bbox 306 1848 1446 3008">
     <span class='ocr_line' id='line_1_11' title="bbox 357 1848 1410 1935; baseline -0.008 -18"><span class='ocrx_word' id='word_1_76' title='bbox 357 1855 490 1918; x_wconf 91' lang='lat' dir='ltr'>Diebus</span> <span class='ocrx_word' id='word_1_77' title='bbox 521 1873 659 1935; x_wconf 90' lang='lat' dir='ltr'>quoque</span> <span class='ocrx_word' id='word_1_78' title='bbox 689 1853 754 1916; x_wconf 93' lang='lat' dir='ltr'>sub</span> <span class='ocrx_word' id='word_1_79' title='bbox 783 1852 910 1915; x_wconf 90' lang='lat' dir='ltr'>eisdem</span> <span class='ocrx_word' id='word_1_80' title='bbox 941 1870 1056 1915; x_wconf 87' lang='lat' dir='ltr'>comes</span> <span class='ocrx_word' id='word_1_81' title='bbox 1084 1849 1108 1914; x_wconf 86' lang='lat' dir='ltr'>J</span> <span class='ocrx_word' id='word_1_82' title='bbox 1111 1850 1276 1925; x_wconf 90' lang='lat' dir='ltr'>ohannes,</span> <span class='ocrx_word' id='word_1_83' title='bbox 1302 1848 1410 1911; x_wconf 85' lang='lat' dir='ltr'>frater</span> 
     </span>
     <span class='ocr_line' id='line_1_12' title="bbox 306 1946 1408 2034; baseline -0.007 -17"><span class='ocrx_word' id='word_1_84' title='bbox 306 1955 399 2034; x_wconf 89' lang='lat' dir='ltr'>regis</span> <span class='ocrx_word' id='word_1_85' title='bbox 427 1952 605 2028; x_wconf 89' lang='lat' dir='ltr'>Richardi,</span> <span class='ocrx_word' id='word_1_86' title='bbox 634 1972 736 2033; x_wconf 90' lang='lat' dir='ltr'>quem</span> <span class='ocrx_word' id='word_1_87' title='bbox 761 1970 825 2013; x_wconf 84' lang='lat' dir='ltr'>rex</span> <span class='ocrx_word' id='word_1_88' title='bbox 854 1951 898 2014; x_wconf 86' lang='lat' dir='ltr'>ad</span> <span class='ocrx_word' id='word_1_89' title='bbox 923 1969 1020 2015; x_wconf 90' lang='lat' dir='ltr'>arma</span> <span class='ocrx_word' id='word_1_90' title='bbox 1048 1950 1128 2013; x_wconf 88' lang='lat' dir='ltr'>licet</span> <span class='ocrx_word' id='word_1_91' title='bbox 1158 1969 1225 2012; x_wconf 92' lang='lat' dir='ltr'>non</span> <span class='ocrx_word' id='word_1_92' title='bbox 1256 1946 1408 2011; x_wconf 89' lang='lat' dir='ltr'>desidem</span> 
     </span>
     <span class='ocr_line' id='line_1_13' title="bbox 307 2047 1408 2131; baseline -0.006 -16"><span class='ocrx_word' id='word_1_93' title='bbox 307 2054 490 2129; x_wconf 90' lang='lat' dir='ltr'>animarat,</span> <span class='ocrx_word' id='word_1_94' title='bbox 514 2060 549 2115; x_wconf 88' lang='lat' dir='ltr'>et</span> <span class='ocrx_word' id='word_1_95' title='bbox 570 2050 799 2114; x_wconf 89' lang='lat' dir='ltr'>cruentissimi</span> <span class='ocrx_word' id='word_1_96' title='bbox 815 2051 974 2131; x_wconf 90' lang='lat' dir='ltr'>ruptarii,</span> <span class='ocrx_word' id='word_1_97' title='bbox 988 2050 1113 2131; x_wconf 88' lang='lat' dir='ltr'>quibus</span> <span class='ocrx_word' id='word_1_98' title='bbox 1128 2048 1270 2129; x_wconf 90' lang='lat' dir='ltr'>sanguis</span> <span class='ocrx_word' id='word_1_99' title='bbox 1287 2047 1408 2109; x_wconf 92' lang='lat' dir='ltr'>huma-</span> 
     </span>
     <span class='ocr_line' id='line_1_14' title="bbox 306 2146 1408 2234; baseline -0.007 -19"><span class='ocrx_word' id='word_1_100' title='bbox 306 2171 371 2215; x_wconf 90' lang='lat' dir='ltr'>nus</span> <span class='ocrx_word' id='word_1_101' title='bbox 400 2171 463 2234; x_wconf 92' lang='lat' dir='ltr'>pro</span> <span class='ocrx_word' id='word_1_102' title='bbox 495 2151 590 2213; x_wconf 93' lang='lat' dir='ltr'>nullo</span> <span class='ocrx_word' id='word_1_103' title='bbox 621 2151 849 2231; x_wconf 89' lang='lat' dir='ltr'>reputabatur</span> <span class='ocrx_word' id='word_1_104' title='bbox 880 2150 936 2213; x_wconf 91' lang='lat' dir='ltr'>vel</span> <span class='ocrx_word' id='word_1_105' title='bbox 973 2150 1091 2231; x_wconf 87' lang='lat' dir='ltr'>praeda</span> <span class='ocrx_word' id='word_1_106' title='bbox 1117 2148 1172 2212; x_wconf 92' lang='lat' dir='ltr'>vel</span> <span class='ocrx_word' id='word_1_107' title='bbox 1200 2146 1408 2222; x_wconf 90' lang='lat' dir='ltr'>incendium,</span> 
     </span>
     <span class='ocr_line' id='line_1_15' title="bbox 306 2246 1410 2331; baseline -0.005 -18"><span class='ocrx_word' id='word_1_108' title='bbox 306 2249 518 2314; x_wconf 89' lang='lat' dir='ltr'>Markadeus</span> <span class='ocrx_word' id='word_1_109' title='bbox 542 2248 666 2329; x_wconf 86' lang='lat' dir='ltr'>Algais</span> <span class='ocrx_word' id='word_1_110' title='bbox 688 2256 723 2313; x_wconf 92' lang='lat' dir='ltr'>et</span> <span class='ocrx_word' id='word_1_111' title='bbox 741 2248 972 2331; x_wconf 77' lang='lat' dir='ltr'>LupescaruS,</span> <span class='ocrx_word' id='word_1_112' title='bbox 999 2248 1138 2312; x_wconf 91' lang='lat' dir='ltr'>natione</span> <span class='ocrx_word' id='word_1_113' title='bbox 1160 2246 1410 2321; x_wconf 88' lang='lat' dir='ltr'>Provinciales‚</span> 
     </span>
     <span class='ocr_line' id='line_1_16' title="bbox 306 2346 1412 2430; baseline -0.006 -18"><span class='ocrx_word' id='word_1_114' title='bbox 306 2356 416 2412; x_wconf 89' lang='lat' dir='ltr'>terras</span> <span class='ocrx_word' id='word_1_115' title='bbox 437 2347 529 2428; x_wconf 86' lang='lat' dir='ltr'>regis</span> <span class='ocrx_word' id='word_1_116' title='bbox 549 2348 774 2423; x_wconf 87' lang='lat' dir='ltr'>Francorum,</span> <span class='ocrx_word' id='word_1_117' title='bbox 796 2366 878 2427; x_wconf 87' lang='lat' dir='ltr'>rege</span> <span class='ocrx_word' id='word_1_118' title='bbox 898 2347 1043 2430; x_wconf 91' lang='lat' dir='ltr'>jubente</span> <span class='ocrx_word' id='word_1_119' title='bbox 1074 2346 1262 2422; x_wconf 92' lang='lat' dir='ltr'>Richardo,</span> <span class='ocrx_word' id='word_1_120' title='bbox 1293 2352 1412 2409; x_wconf 84' lang='lat' dir='ltr'>exter-</span> 
     </span>
     <span class='ocr_line' id='line_1_17' title="bbox 307 2444 1411 2523; baseline -0.004 -13"><span class='ocrx_word' id='word_1_121' title='bbox 307 2448 413 2511; x_wconf 89' lang='lat' dir='ltr'>minio</span> <span class='ocrx_word' id='word_1_122' title='bbox 436 2445 557 2510; x_wconf 86' lang='lat' dir='ltr'>lethali</span> <span class='ocrx_word' id='word_1_123' title='bbox 573 2452 810 2522; x_wconf 87' lang='lat' dir='ltr'>vastaverunt,</span> <span class='ocrx_word' id='word_1_124' title='bbox 829 2446 995 2523; x_wconf 89' lang='lat' dir='ltr'>ecclesiae,</span> <span class='ocrx_word' id='word_1_125' title='bbox 1019 2446 1125 2522; x_wconf 86' lang='lat' dir='ltr'>aetati,</span> <span class='ocrx_word' id='word_1_126' title='bbox 1144 2445 1198 2509; x_wconf 91' lang='lat' dir='ltr'>vel</span> <span class='ocrx_word' id='word_1_127' title='bbox 1221 2444 1411 2509; x_wconf 88' lang='lat' dir='ltr'>conditioni</span> 
     </span>
     <span class='ocr_line' id='line_1_18' title="bbox 307 2544 1413 2629; baseline -0.003 -20"><span class='ocrx_word' id='word_1_128' title='bbox 307 2546 447 2609; x_wconf 92' lang='lat' dir='ltr'>minime</span> <span class='ocrx_word' id='word_1_129' title='bbox 479 2551 670 2629; x_wconf 88' lang='lat' dir='ltr'>parcentes.</span> <span class='ocrx_word' id='word_1_130' title='bbox 732 2545 991 2609; x_wconf 88' lang='lat' dir='ltr'>Insidiabantur</span> <span class='ocrx_word' id='word_1_131' title='bbox 1023 2553 1138 2609; x_wconf 84' lang='lat' dir='ltr'>autem</span> <span class='ocrx_word' id='word_1_132' title='bbox 1165 2546 1314 2608; x_wconf 82' lang='lat' dir='ltr'>maxime</span> <span class='ocrx_word' id='word_1_133' title='bbox 1342 2544 1413 2625; x_wconf 93' lang='lat' dir='ltr'>epi·</span> 
     </span>
     <span class='ocr_line' id='line_1_19' title="bbox 310 2642 1417 2730; baseline -0.003 -22"><span class='ocrx_word' id='word_1_134' title='bbox 310 2665 415 2728; x_wconf 92' lang='lat' dir='ltr'>scopo</span> <span class='ocrx_word' id='word_1_135' title='bbox 436 2645 642 2710; x_wconf 89' lang='lat' dir='ltr'>Belvacensi</span> <span class='ocrx_word' id='word_1_136' title='bbox 663 2644 825 2728; x_wconf 94' lang='lat' dir='ltr'>Philippo</span> <span class='ocrx_word' id='word_1_137' title='bbox 849 2652 885 2708; x_wconf 90' lang='lat' dir='ltr'>et</span> <span class='ocrx_word' id='word_1_138' title='bbox 908 2646 1060 2730; x_wconf 89' lang='lat' dir='ltr'>ejusdem</span> <span class='ocrx_word' id='word_1_139' title='bbox 1080 2643 1334 2719; x_wconf 88' lang='lat' dir='ltr'>archidiacono,</span> <span class='ocrx_word' id='word_1_140' title='bbox 1355 2642 1417 2724; x_wconf 91' lang='lat' dir='ltr'>qui</span> 
     </span>
     <span class='ocr_line' id='line_1_20' title="bbox 311 2744 1413 2829; baseline -0.003 -21"><span class='ocrx_word' id='word_1_141' title='bbox 311 2753 421 2809; x_wconf 86' lang='lat' dir='ltr'>metas</span> <span class='ocrx_word' id='word_1_142' title='bbox 438 2744 567 2809; x_wconf 92' lang='lat' dir='ltr'>ordinis</span> <span class='ocrx_word' id='word_1_143' title='bbox 585 2745 637 2808; x_wconf 90' lang='lat' dir='ltr'>sui</span> <span class='ocrx_word' id='word_1_144' title='bbox 654 2745 871 2829; x_wconf 86' lang='lat' dir='ltr'>impudenter</span> <span class='ocrx_word' id='word_1_145' title='bbox 891 2745 1184 2828; x_wconf 85' lang='lat' dir='ltr'>transgredientes</span> <span class='ocrx_word' id='word_1_146' title='bbox 1200 2744 1332 2808; x_wconf 89' lang='lat' dir='ltr'>bellicis</span> <span class='ocrx_word' id='word_1_147' title='bbox 1354 2762 1413 2805; x_wconf 92' lang='lat' dir='ltr'>ne·</span> 
     </span>
     <span class='ocr_line' id='line_1_21' title="bbox 309 2844 1412 2927; baseline -0.005 -17"><span class='ocrx_word' id='word_1_148' title='bbox 309 2847 413 2927; x_wconf 87' lang='lat' dir='ltr'>gotiis</span> <span class='ocrx_word' id='word_1_149' title='bbox 431 2847 615 2927; x_wconf 84' lang='lat' dir='ltr'>vigilanter</span> <span class='ocrx_word' id='word_1_150' title='bbox 631 2845 859 2922; x_wconf 89' lang='lat' dir='ltr'>indulserunt,</span> <span class='ocrx_word' id='word_1_151' title='bbox 876 2847 966 2909; x_wconf 92' lang='lat' dir='ltr'>unde</span> <span class='ocrx_word' id='word_1_152' title='bbox 979 2865 1047 2909; x_wconf 90' lang='lat' dir='ltr'>non</span> <span class='ocrx_word' id='word_1_153' title='bbox 1066 2844 1280 2908; x_wconf 84' lang='lat' dir='ltr'>mediocriter</span> <span class='ocrx_word' id='word_1_154' title='bbox 1295 2863 1412 2924; x_wconf 87' lang='lat' dir='ltr'>regern</span> 
     </span>
     <span class='ocr_line' id='line_1_22' title="bbox 310 2943 1446 3008; baseline -0.004 0"><span class='ocrx_word' id='word_1_155' title='bbox 310 2945 524 3008; x_wconf 88' lang='lat' dir='ltr'>Richardum</span> <span class='ocrx_word' id='word_1_156' title='bbox 553 2944 827 3007; x_wconf 79' lang='lat' dir='ltr'>damnificarent.</span> <span class='ocrx_word' id='word_1_157' title='bbox 880 2943 1074 3008; x_wconf 86' lang='lat' dir='ltr'>Trahentes</span> <span class='ocrx_word' id='word_1_158' title='bbox 1104 2945 1193 3007; x_wconf 90' lang='lat' dir='ltr'>enim</span> <span class='ocrx_word' id='word_1_159' title='bbox 1222 2944 1414 3007; x_wconf 84' lang='lat' dir='ltr'>exercitum</span> <span class='ocrx_word' id='word_1_160' title='bbox 1444 2985 1446 2990; x_wconf 90' lang='lat'>-</span> 
     </span>
    </p>
   </div>
   <div class='ocr_carea' id='block_1_3' title="bbox 208 3043 1410 3126">
    <p class='ocr_par' dir='ltr' id='par_1_4' title="bbox 208 3043 1410 3126">
     <span class='ocr_line' id='line_1_23' title="bbox 208 3043 1410 3126; baseline -0.002 -19"><span class='ocrx_word' id='word_1_161' title='bbox 208 3105 212 3114; x_wconf 68' lang='grc'>,</span> <span class='ocrx_word' id='word_1_162' title='bbox 310 3044 486 3126; x_wconf 91' lang='lat' dir='ltr'>copiosum</span> <span class='ocrx_word' id='word_1_163' title='bbox 504 3051 619 3107; x_wconf 84' lang='lat' dir='ltr'>castra</span> <span class='ocrx_word' id='word_1_164' title='bbox 635 3044 801 3107; x_wconf 87' lang='lat' dir='ltr'>nonnulla</span> <span class='ocrx_word' id='word_1_165' title='bbox 822 3044 914 3124; x_wconf 86' lang='lat' dir='ltr'>regis</span> <span class='ocrx_word' id='word_1_166' title='bbox 939 3043 1106 3107; x_wconf 90' lang='lat' dir='ltr'>Richardi</span> <span class='ocrx_word' id='word_1_167' title='bbox 1123 3044 1292 3107; x_wconf 90' lang='lat' dir='ltr'>violenter</span> <span class='ocrx_word' id='word_1_168' title='bbox 1309 3061 1410 3106; x_wconf 91' lang='lat' dir='ltr'>occu·</span> 
     </span>
    </p>
   </div>
   <div class='ocr_carea' id='block_1_4' title="bbox 311 3141 1430 4612">
    <p class='ocr_par' dir='ltr' id='par_1_5' title="bbox 311 3141 1430 4612">
     <span class='ocr_line' id='line_1_24' title="bbox 311 3141 1415 3225; baseline -0.004 -19"><span class='ocrx_word' id='word_1_169' title='bbox 311 3149 493 3225; x_wconf 88' lang='lat' dir='ltr'>paverant,</span> <span class='ocrx_word' id='word_1_170' title='bbox 509 3142 635 3205; x_wconf 85' lang='lat' dir='ltr'>milites</span> <span class='ocrx_word' id='word_1_171' title='bbox 657 3162 698 3206; x_wconf 92' lang='lat' dir='ltr'>ac</span> <span class='ocrx_word' id='word_1_172' title='bbox 726 3143 916 3206; x_wconf 87' lang='lat' dir='ltr'>servientes</span> <span class='ocrx_word' id='word_1_173' title='bbox 945 3144 1210 3225; x_wconf 84' lang='lat' dir='ltr'>interceperant,</span> <span class='ocrx_word' id='word_1_174' title='bbox 1234 3149 1269 3205; x_wconf 89' lang='lat' dir='ltr'>et</span> <span class='ocrx_word' id='word_1_175' title='bbox 1285 3141 1415 3204; x_wconf 92' lang='lat' dir='ltr'>multos</span> 
     </span>
     <span class='ocr_line' id='line_1_25' title="bbox 311 3240 1430 3319; baseline -0.003 -14"><span class='ocrx_word' id='word_1_176' title='bbox 311 3241 439 3305; x_wconf 89' lang='lat' dir='ltr'>eisdem</span> <span class='ocrx_word' id='word_1_177' title='bbox 463 3241 663 3305; x_wconf 89' lang='lat' dir='ltr'>resistentes</span> <span class='ocrx_word' id='word_1_178' title='bbox 692 3242 964 3319; x_wconf 86' lang='lat' dir='ltr'>trucidaverant,</span> <span class='ocrx_word' id='word_1_179' title='bbox 986 3261 1048 3304; x_wconf 90' lang='lat' dir='ltr'>nec</span> <span class='ocrx_word' id='word_1_180' title='bbox 1079 3250 1257 3305; x_wconf 89' lang='lat' dir='ltr'>cessarunt</span> <span class='ocrx_word' id='word_1_181' title='bbox 1280 3241 1335 3304; x_wconf 92' lang='lat' dir='ltr'>die</span> <span class='ocrx_word' id='word_1_182' title='bbox 1360 3240 1430 3303; x_wconf 90' lang='lat' dir='ltr'>vel·</span> 
     </span>
     <span class='ocr_line' id='line_1_26' title="bbox 312 3341 1417 3424; baseline -0.002 -21"><span class='ocrx_word' id='word_1_183' title='bbox 312 3349 413 3405; x_wconf 88' lang='lat' dir='ltr'>nocte</span> <span class='ocrx_word' id='word_1_184' title='bbox 439 3341 567 3404; x_wconf 90' lang='lat' dir='ltr'>talibus</span> <span class='ocrx_word' id='word_1_185' title='bbox 592 3341 724 3424; x_wconf 88' lang='lat' dir='ltr'>jugiter</span> <span class='ocrx_word' id='word_1_186' title='bbox 747 3341 949 3422; x_wconf 87' lang='lat' dir='ltr'>indulgere;</span> <span class='ocrx_word' id='word_1_187' title='bbox 973 3348 1070 3406; x_wconf 84' lang='lat' dir='ltr'>erant</span> <span class='ocrx_word' id='word_1_188' title='bbox 1098 3360 1246 3422; x_wconf 91' lang='lat' dir='ltr'>namque</span> <span class='ocrx_word' id='word_1_189' title='bbox 1272 3341 1417 3416; x_wconf 91' lang='lat' dir='ltr'>strenui,</span> 
     </span>
     <span class='ocr_line' id='line_1_27' title="bbox 312 3439 1416 3523; baseline -0.004 -19"><span class='ocrx_word' id='word_1_190' title='bbox 312 3441 482 3522; x_wconf 88' lang='lat' dir='ltr'>generosi,</span> <span class='ocrx_word' id='word_1_191' title='bbox 496 3449 531 3503; x_wconf 91' lang='lat' dir='ltr'>et</span> <span class='ocrx_word' id='word_1_192' title='bbox 549 3447 717 3522; x_wconf 86' lang='lat' dir='ltr'>potentes.</span> <span class='ocrx_word' id='word_1_193' title='bbox 755 3441 837 3504; x_wconf 93' lang='lat' dir='ltr'>Una</span> <span class='ocrx_word' id='word_1_194' title='bbox 853 3443 960 3523; x_wconf 86' lang='lat' dir='ltr'>igitur</span> <span class='ocrx_word' id='word_1_195' title='bbox 978 3442 1107 3504; x_wconf 91' lang='lat' dir='ltr'>dierum</span> <span class='ocrx_word' id='word_1_196' title='bbox 1126 3440 1207 3503; x_wconf 93' lang='lat' dir='ltr'>dum</span> <span class='ocrx_word' id='word_1_197' title='bbox 1222 3440 1303 3503; x_wconf 88' lang='lat' dir='ltr'>dicti</span> <span class='ocrx_word' id='word_1_198' title='bbox 1321 3439 1416 3502; x_wconf 86' lang='lat' dir='ltr'>Mar-</span> 
     </span>
     <span class='ocr_line' id='line_1_28' title="bbox 314 3538 1417 3621; baseline -0.003 -18"><span class='ocrx_word' id='word_1_199' title='bbox 314 3538 440 3604; x_wconf 90' lang='lat' dir='ltr'>cadeus</span> <span class='ocrx_word' id='word_1_200' title='bbox 462 3547 497 3603; x_wconf 92' lang='lat' dir='ltr'>et</span> <span class='ocrx_word' id='word_1_201' title='bbox 514 3539 743 3621; x_wconf 80' lang='lat' dir='ltr'>LupescaruS,</span> <span class='ocrx_word' id='word_1_202' title='bbox 764 3541 824 3621; x_wconf 93' lang='lat' dir='ltr'>qui</span> <span class='ocrx_word' id='word_1_203' title='bbox 849 3541 953 3604; x_wconf 90' lang='lat' dir='ltr'>duces</span> <span class='ocrx_word' id='word_1_204' title='bbox 972 3540 1111 3603; x_wconf 84' lang='lat' dir='ltr'>luerunt</span> <span class='ocrx_word' id='word_1_205' title='bbox 1136 3546 1284 3602; x_wconf 86' lang='lat' dir='ltr'>catervae</span> <span class='ocrx_word' id='word_1_206' title='bbox 1312 3557 1417 3620; x_wconf 90' lang='lat' dir='ltr'>quam</span> 
     </span>
     <span class='ocr_line' id='line_1_29' title="bbox 313 3637 1416 3714; baseline -0.002 -12"><span class='ocrx_word' id='word_1_207' title='bbox 313 3639 460 3702; x_wconf 90' lang='lat' dir='ltr'>Ruttam</span> <span class='ocrx_word' id='word_1_208' title='bbox 486 3656 661 3714; x_wconf 89' lang='lat' dir='ltr'>vocamus,</span> <span class='ocrx_word' id='word_1_209' title='bbox 688 3638 874 3701; x_wconf 88' lang='lat' dir='ltr'>militantes</span> <span class='ocrx_word' id='word_1_210' title='bbox 894 3640 958 3702; x_wconf 90' lang='lat' dir='ltr'>sub</span> <span class='ocrx_word' id='word_1_211' title='bbox 979 3640 1103 3702; x_wconf 91' lang='lat' dir='ltr'>comite</span> <span class='ocrx_word' id='word_1_212' title='bbox 1127 3637 1151 3702; x_wconf 86' lang='lat' dir='ltr'>J</span> <span class='ocrx_word' id='word_1_213' title='bbox 1154 3638 1289 3701; x_wconf 89' lang='lat' dir='ltr'>ohanne</span> <span class='ocrx_word' id='word_1_214' title='bbox 1309 3637 1416 3701; x_wconf 86' lang='lat' dir='ltr'>fratre</span> 
     </span>
     <span class='ocr_line' id='line_1_30' title="bbox 313 3735 1417 3820; baseline 0.001 -21"><span class='ocrx_word' id='word_1_215' title='bbox 313 3739 405 3817; x_wconf 87' lang='lat' dir='ltr'>regis</span> <span class='ocrx_word' id='word_1_216' title='bbox 428 3735 606 3811; x_wconf 89' lang='lat' dir='ltr'>Richardi,</span> <span class='ocrx_word' id='word_1_217' title='bbox 635 3737 882 3817; x_wconf 90' lang='lat' dir='ltr'>equitationem</span> <span class='ocrx_word' id='word_1_218' title='bbox 906 3737 1060 3801; x_wconf 88' lang='lat' dir='ltr'>facerent</span> <span class='ocrx_word' id='word_1_219' title='bbox 1085 3739 1312 3820; x_wconf 89' lang='lat' dir='ltr'>impetuosam</span> <span class='ocrx_word' id='word_1_220' title='bbox 1336 3745 1417 3801; x_wconf 89' lang='lat' dir='ltr'>ante</span> 
     </span>
     <span class='ocr_line' id='line_1_31' title="bbox 312 3834 1418 3918; baseline -0.001 -19"><span class='ocrx_word' id='word_1_221' title='bbox 312 3836 490 3899; x_wconf 84' lang='lat' dir='ltr'>civitatem</span> <span class='ocrx_word' id='word_1_222' title='bbox 516 3834 775 3910; x_wconf 86' lang='lat' dir='ltr'>Belvacensem,</span> <span class='ocrx_word' id='word_1_223' title='bbox 803 3837 928 3916; x_wconf 85' lang='lat' dir='ltr'>praedae</span> <span class='ocrx_word' id='word_1_224' title='bbox 956 3837 1171 3900; x_wconf 87' lang='lat' dir='ltr'>intendentes</span> <span class='ocrx_word' id='word_1_225' title='bbox 1191 3843 1226 3899; x_wconf 91' lang='lat' dir='ltr'>et</span> <span class='ocrx_word' id='word_1_226' title='bbox 1248 3837 1418 3918; x_wconf 89' lang='lat' dir='ltr'>captioni-</span> 
     </span>
     <span class='ocr_line' id='line_1_32' title="bbox 315 3933 1419 4018; baseline 0 -20"><span class='ocrx_word' id='word_1_227' title='bbox 315 3936 392 4010; x_wconf 87' lang='lat' dir='ltr'>bus,</span> <span class='ocrx_word' id='word_1_228' title='bbox 421 3933 641 4013; x_wconf 81' lang='lat' dir='ltr'>indignantes</span> <span class='ocrx_word' id='word_1_229' title='bbox 665 3934 883 3998; x_wconf 88' lang='lat' dir='ltr'>vehementer</span> <span class='ocrx_word' id='word_1_230' title='bbox 910 3955 1014 4017; x_wconf 89' lang='lat' dir='ltr'>super</span> <span class='ocrx_word' id='word_1_231' title='bbox 1041 3936 1106 3999; x_wconf 91' lang='lat' dir='ltr'>hoc</span> <span class='ocrx_word' id='word_1_232' title='bbox 1129 3936 1281 3999; x_wconf 88' lang='lat' dir='ltr'>civitatis</span> <span class='ocrx_word' id='word_1_233' title='bbox 1308 3937 1419 4018; x_wconf 92' lang='lat' dir='ltr'>ipsius</span> 
     </span>
     <span class='ocr_line' id='line_1_33' title="bbox 316 4031 1419 4118; baseline 0 -22"><span class='ocrx_word' id='word_1_234' title='bbox 316 4033 498 4116; x_wconf 89' lang='lat' dir='ltr'>episcopus</span> <span class='ocrx_word' id='word_1_235' title='bbox 539 4031 722 4115; x_wconf 88' lang='lat' dir='ltr'>Philippus</span> <span class='ocrx_word' id='word_1_236' title='bbox 766 4041 801 4098; x_wconf 91' lang='lat' dir='ltr'>et</span> <span class='ocrx_word' id='word_1_237' title='bbox 838 4035 991 4118; x_wconf 87' lang='lat' dir='ltr'>ejusdem</span> <span class='ocrx_word' id='word_1_238' title='bbox 1029 4035 1302 4111; x_wconf 86' lang='lat' dir='ltr'>archidiaconus,</span> <span class='ocrx_word' id='word_1_239' title='bbox 1340 4054 1419 4097; x_wconf 91' lang='lat' dir='ltr'>cum</span> 
     </span>
     <span class='ocr_line' id='line_1_34' title="bbox 314 4133 1418 4216; baseline 0.001 -21"><span class='ocrx_word' id='word_1_240' title='bbox 314 4133 414 4216; x_wconf 91' lang='lat' dir='ltr'>plebe</span> <span class='ocrx_word' id='word_1_241' title='bbox 442 4133 552 4195; x_wconf 90' lang='lat' dir='ltr'>multa</span> <span class='ocrx_word' id='word_1_242' title='bbox 577 4133 686 4215; x_wconf 91' lang='lat' dir='ltr'>ipsius</span> <span class='ocrx_word' id='word_1_243' title='bbox 714 4134 879 4211; x_wconf 89' lang='lat' dir='ltr'>civitatis,</span> <span class='ocrx_word' id='word_1_244' title='bbox 905 4136 1081 4216; x_wconf 86' lang='lat' dir='ltr'>eleganter</span> <span class='ocrx_word' id='word_1_245' title='bbox 1110 4135 1153 4196; x_wconf 92' lang='lat' dir='ltr'>ad</span> <span class='ocrx_word' id='word_1_246' title='bbox 1180 4153 1329 4214; x_wconf 86' lang='lat' dir='ltr'>unguem</span> <span class='ocrx_word' id='word_1_247' title='bbox 1361 4153 1418 4196; x_wconf 91' lang='lat' dir='ltr'>ar-</span> 
     </span>
     <span class='ocr_line' id='line_1_35' title="bbox 314 4233 1419 4316; baseline 0.002 -22"><span class='ocrx_word' id='word_1_248' title='bbox 314 4234 399 4295; x_wconf 89' lang='lat' dir='ltr'>mati</span> <span class='ocrx_word' id='word_1_249' title='bbox 426 4233 586 4295; x_wconf 91' lang='lat' dir='ltr'>exierunt</span> <span class='ocrx_word' id='word_1_250' title='bbox 613 4240 734 4296; x_wconf 88' lang='lat' dir='ltr'>contra</span> <span class='ocrx_word' id='word_1_251' title='bbox 762 4253 833 4310; x_wconf 92' lang='lat' dir='ltr'>eos,</span> <span class='ocrx_word' id='word_1_252' title='bbox 861 4243 900 4299; x_wconf 92' lang='lat' dir='ltr'>ut</span> <span class='ocrx_word' id='word_1_253' title='bbox 930 4241 1060 4299; x_wconf 90' lang='lat' dir='ltr'>tantam</span> <span class='ocrx_word' id='word_1_254' title='bbox 1085 4233 1246 4316; x_wconf 90' lang='lat' dir='ltr'>injuriam</span> <span class='ocrx_word' id='word_1_255' title='bbox 1274 4233 1419 4314; x_wconf 91' lang='lat' dir='ltr'>repelle-</span> 
     </span>
     <span class='ocr_line' id='line_1_36' title="bbox 315 4332 1420 4415; baseline 0.002 -22"><span class='ocrx_word' id='word_1_256' title='bbox 315 4339 393 4394; x_wconf 89' lang='lat' dir='ltr'>rent</span> <span class='ocrx_word' id='word_1_257' title='bbox 422 4338 457 4393; x_wconf 88' lang='lat' dir='ltr'>et</span> <span class='ocrx_word' id='word_1_258' title='bbox 491 4338 651 4412; x_wconf 89' lang='lat' dir='ltr'>potenter</span> <span class='ocrx_word' id='word_1_259' title='bbox 682 4332 906 4397; x_wconf 90' lang='lat' dir='ltr'>vindicarent.</span> <span class='ocrx_word' id='word_1_260' title='bbox 960 4333 1155 4396; x_wconf 90' lang='lat' dir='ltr'>Willelmus</span> <span class='ocrx_word' id='word_1_261' title='bbox 1198 4352 1335 4415; x_wconf 91' lang='lat' dir='ltr'>quoque</span> <span class='ocrx_word' id='word_1_262' title='bbox 1377 4332 1420 4395; x_wconf 92' lang='lat' dir='ltr'>de</span> 
     </span>
     <span class='ocr_line' id='line_1_37' title="bbox 317 4429 1422 4514; baseline 0 -21"><span class='ocrx_word' id='word_1_263' title='bbox 317 4429 442 4504; x_wconf 91' lang='lat' dir='ltr'>Merlo,</span> <span class='ocrx_word' id='word_1_264' title='bbox 459 4429 533 4509; x_wconf 89' lang='lat' dir='ltr'>regi</span> <span class='ocrx_word' id='word_1_265' title='bbox 559 4429 771 4495; x_wconf 91' lang='lat' dir='ltr'>Francorum</span> <span class='ocrx_word' id='word_1_266' title='bbox 794 4434 916 4495; x_wconf 91' lang='lat' dir='ltr'>merito</span> <span class='ocrx_word' id='word_1_267' title='bbox 936 4438 1077 4514; x_wconf 85' lang='lat' dir='ltr'>propter</span> <span class='ocrx_word' id='word_1_268' title='bbox 1100 4451 1199 4495; x_wconf 90' lang='lat' dir='ltr'>suam</span> <span class='ocrx_word' id='word_1_269' title='bbox 1224 4430 1422 4495; x_wconf 88' lang='lat' dir='ltr'>carissimus</span> 
     </span>
     <span class='ocr_line' id='line_1_38' title="bbox 316 4528 1420 4612; baseline 0.004 -22"><span class='ocrx_word' id='word_1_270' title='bbox 316 4528 536 4612; x_wconf 89' lang='lat' dir='ltr'>probitatem,</span> <span class='ocrx_word' id='word_1_271' title='bbox 562 4548 639 4591; x_wconf 91' lang='lat' dir='ltr'>cum</span> <span class='ocrx_word' id='word_1_272' title='bbox 667 4530 790 4593; x_wconf 85' lang='lat' dir='ltr'>militia</span> <span class='ocrx_word' id='word_1_273' title='bbox 820 4540 960 4595; x_wconf 86' lang='lat' dir='ltr'>strenua</span> <span class='ocrx_word' id='word_1_274' title='bbox 991 4551 1032 4593; x_wconf 93' lang='lat' dir='ltr'>ac</span> <span class='ocrx_word' id='word_1_275' title='bbox 1061 4550 1255 4606; x_wconf 90' lang='lat' dir='ltr'>numerosa,</span> <span class='ocrx_word' id='word_1_276' title='bbox 1282 4531 1420 4594; x_wconf 86' lang='lat' dir='ltr'>additus</span> 
     </span>
    </p>
   </div>
   <div class='ocr_carea' id='block_1_5' title="bbox 0 0 1722 5625">
    <p class='ocr_par' dir='ltr' id='par_1_6' title="bbox 0 0 1722 5625">
     <span class='ocr_line' id='line_1_39' title="bbox 0 0 1722 5625; baseline 0 0"><span class='ocrx_word' id='word_1_277' title='bbox 0 0 1722 5625; x_wconf 95' lang='lat' dir='ltr'> </span> 
     </span>
    </p>
   </div>
  </div>
 </body>
</html>
