3384 5625
633 772 833 820 uecrrouss
857 772 990 822 vania.
1318 757 1361 820 91

306 955 512 1037 quantisque
524 953 683 1036 suspiriis
699 954 807 1017 abbas
821 962 945 1037 postea
960 974 1020 1019 cor
1036 974 1137 1019 suum
1154 955 1361 1031 cruentavit,

305 1055 388 1137 quia
417 1075 486 1120 non
515 1054 634 1117 datum
664 1052 777 1116 suerat
800 1055 833 1118 ei
852 1054 1000 1137 desuper
1023 1056 1060 1118 in
1084 1057 1173 1119 tanti
1199 1054 1361 1136 martyris

304 1155 478 1217 consortio
501 1154 646 1235 gloriam
669 1154 884 1234 suscepisse!
936 1152 1226 1237 Archiepiscopus
1243 1162 1360 1217 autem

306 1253 348 1316 ad
362 1253 542 1316 ecclesiam
560 1272 657 1316 suam
678 1252 745 1313 iter
767 1255 955 1317 maturavit
968 1252 1041 1317 dies
1058 1253 1093 1316 N
1095 1254 1248 1318 atalitios
1268 1254 1357 1316 ccle-

306 1353 480 1429 braturus,
503 1362 539 1416 et
560 1352 650 1415 infra
675 1357 755 1414 octo
770 1351 844 1415 dies
867 1354 946 1417 illos
968 1353 1013 1417 ad
1030 1353 1216 1418 Dominum
1234 1353 1361 1434 migra-

306 1451 427 1515 turus?

264 1597 321 1635 PAG.
343 1598 395 1634 UR-

257 1677 333 1753 363,
350 1680 401 1753 15,
416 1674 566 1741 luebantur
652 1678 780 1742 habent
797 1696 919 1759 pacem
936 1685 971 1739 et
986 1677 1163 1758 gaudium.

255 1800 331 1876 364,
352 1800 405 1875 16,
421 1797 559 1863 maribus
653 1822 772 1866 omnes
788 1809 899 1867 terras
914 1821 1007 1866 suas,

424 1899 517 1963 arro
532 1899 596 1962 aab

258 2022 332 2097 365,
374 2024 403 2097 l,
411 2022 556 2105 soram
637 2023 820 2088 'faverent

258 2187 309 2197 -
352 2148 405 2222 25,
421 2167 490 2209 eam
653 2148 739 2211 dest.

258 2311 309 2321 -
353 2271 405 2345 26,
421 2270 575 2333 atreum
654 2270 833 2333 durissime
851 2271 975 2351 ipsum.

260 2395 334 2470 368,
372 2397 402 2470 8,
419 2393 501 2478 qaod
655 2401 691 2456 et
708 2393 882 2475 quoniam.

260 2519 335 2591 369,
355 2518 407 2593 16,
423 2517 566 2582 Sabaria
655 2514 742 2577 deest.

260 2643 598 2723 370‚10‚0aataari-
656 2638 745 2703 deest.

422 2765 502 2808 631863

260 2867 334 2946 371,
350 2870 589 2954 3163637691-
657 2861 749 2926 adata
771 2861 894 2939 Paris,
923 2861 1007 2945 [pso
1034 2881 1123 2926 auno
1148 2883 1286 2948 quoqne
1308 2865 1361 2930 vir

411 2971 611 3053 masmanna
679 2962 829 3044 prudens
843 2970 879 3025 et
890 2961 1071 3043 religiosus
1082 2962 1291 3041 WillelmuS,
1303 2966 1370 3028 ah:

680 3062 742 3124 bas
779 3061 971 3142 Redingiae,
1006 3071 1205 3144 assumptus
1244 3071 1298 3127 est
1324 3065 1362 3127 in

680 3160 975 3243 archiepiscopum
993 3160 1294 3242 Burdogalcnsem.

261 3285 334 3365 373,
376 3285 406 3363 7,
422 3284 586 3351 babitandi
658 3283 750 3347 addit
779 3283 907 3360 Paris„
933 3282 1092 3364 Dispersi
1121 3292 1203 3370 sunt
1228 3284 1362 3348 nobiles

681 3382 858 3460 civitatis3
885 3389 932 3458 et,
959 3382 1041 3462 quia
1064 3401 1180 3462 regem
1202 3383 1304 3447 nimis
1325 3385 1362 3447 in

681 3480 878 3544 defensione
891 3499 964 3543 suae
978 3481 1129 3543 civitatis
1138 3479 1362 3559 offenderant,

681 3580 795 3644 locum
822 3579 891 3643 tuti
922 3579 1047 3660 refugii
1079 3579 1291 3663 quaerebant,
1322 3587 1362 3645 ut

681 3680 790 3743 minas
803 3686 838 3742 et
856 3697 1042 3760 gravamen
1059 3679 1150 3760 regis
1164 3677 1360 3744 evaderent.

681 3778 780 3842 Tunc
789 3777 898 3864 igitur
911 3779 956 3843 ad
972 3784 1098 3842 terram
1112 3779 1223 3842 sancti
1233 3778 1361 3843 Albani

680 3876 873 3960 Anglorum
896 3878 1172 3961 protomartyris,
1196 3885 1231 3942 et
1250 3881 1362 3943 sancti

683 3976 877 4041 Eadmundi
902 3976 994 4058 regis
1015 3985 1050 4040 et
1069 3977 1241 4058 martyria,
1263 3980 1362 4059 quasi

680 4075 723 4137 ad
746 4075 859 4137 sinum
882 4075 1105 4156 protectionis
1122 4075 1362 4155 confugerunt,
1463 4098 1467 4106 ·

680 4172 762 4254 quia
779 4180 861 4236 tunc
873 4172 1037 4253 temporis
1046 4179 1145 4235 tanta
1161 4171 1228 4235 fuit
1242 4192 1361 4237 corum

680 4272 884 4348 reverentia,
901 4279 940 4335 ut
954 4291 1071 4335 eorum
1085 4272 1187 4352 burgi
1204 4273 1361 4336 omnibus

681 4370 871 4451 transfugis
889 4371 1023 4453 asylum
1048 4377 1083 4434 et
1100 4376 1211 4435 tutam
1227 4381 1362 4454 protec-

681 4472 807 4535 tionem
826 4472 870 4534 ab
888 4470 1043 4536 hostibus
1060 4472 1282 4555 praebuerint.
