3384 5625
667 780 868 830 anemonas
891 782 1025 830 varum
1334 765 1400 830 255

302 904 358 941 PAG.
382 904 435 941 titt.

291 962 366 1041 178,
383 968 434 1043 31,
449 966 589 1052 Nigrum
687 967 779 1033 addit
796 968 920 1041 Paris,
938 969 1050 1032 virum
1063 968 1100 1030 in
1116 967 1297 1032 literatura
1319 987 1396 1050 pro-

710 1067 807 1131 fundi
842 1067 1005 1151 pectoris,
1041 1067 1223 1131 honestum
1255 1086 1296 1132 ac
1335 1086 1397 1149 per

582 1159 585 1164 ’
711 1168 828 1231 omnia
852 1167 1073 1244 laudabilem,
1098 1166 1274 1249 religionis
1302 1186 1393 1230 ama·
1458 1212 1467 1257 ⁵

712 1273 821 1330 torem
841 1286 883 1331 ac
907 1266 1133 1344 defensorem,
1157 1267 1249 1330 omni
1270 1286 1396 1348 genere

710 1366 880 1448 superbiae
895 1374 1081 1431 carentem.
1110 1429 1113 1438 ,

293 1484 364 1562 179,
405 1488 437 1561 3,
453 1485 599 1569 ejudem·
689 1489 855 1574 ejusdem,
880 1491 971 1554 sicut
996 1498 1032 1554 et
1055 1489 1243 1573 praedictus
1267 1489 1392 1554 Eusta-

454 1607 512 1670 quo
712 1590 809 1653 chius
825 1590 863 1652 in
878 1607 962 1666 suo;
988 1608 1057 1671 quo
1071 1588 1242 1653 Gallrido.

292 1712 367 1787 180,
405 1711 435 1786 3,
451 1708 569 1773 Eodem
691 1713 777 1778 This
801 1712 945 1795 chapter
970 1712 1033 1777 has
1064 1713 1150 1776 been
1179 1688 1322 1776 omitted
1347 1713 1393 1794 by

713 1812 824 1876 Paris.

292 1937 365 2011 182,
384 1936 436 2009 21,
454 1931 587 2017 quodum
692 1935 842 2019 quodam
858 1937 925 2001 fide
943 1936 1060 2019 digno.

292 2061 366 2135 184,
398 2060 435 2133 16,
451 2063 573 2120 coum
688 2061 782 2124 addit
800 2060 925 2138 Paris,
948 2060 1077 2124 Eodem
1105 2079 1207 2135 auno,
1233 2059 1318 2124 feria
1337 2080 1392 2124 se-

712 2159 826 2223 cunda
848 2168 883 2224 et
908 2162 1011 2223 tertia
1037 2165 1118 2223 ante
1142 2158 1296 2236 Cineres,
1320 2161 1393 2241 qui-

712 2261 777 2323 bus
802 2259 915 2323 solent
937 2259 1056 2323 diebus
1082 2257 1197 2322 clerici
1218 2258 1392 2323 scholares

713 2358 804 2422 ludis
821 2378 959 2435 vacare,
982 2359 1142 2422 exierunt
1164 2357 1303 2442 quidam
1324 2358 1391 2423 cle·

713 2458 775 2521 rici
813 2460 857 2523 ab
894 2460 978 2521 urbe
1009 2457 1240 2521 Parisiacensi
1272 2478 1393 2522 versus

712 2565 870 2621 sanctum
902 2557 1107 2621 Marcellum
1139 2564 1279 2639 propter
1302 2558 1392 2620 aeris

713 2656 1003 2732 commoditatem,
1028 2664 1067 2720 ut
1094 2656 1184 2718 ludis
1206 2656 1254 2718 ibi
1280 2656 1394 2719 inten-

712 2756 834 2820 derent
864 2754 1059 2834 consuetis3
1100 2773 1169 2837 quo
1202 2774 1280 2819 cum
1312 2774 1390 2838 per·

713 2857 901 2932 venissent,
925 2863 962 2920 et
979 2855 1016 2918 in
1036 2855 1126 2918 ludis
1146 2855 1391 2937 componendis

712 2955 914 3038 aliquandiu
935 2975 973 3018 se
1003 2961 1228 3030 recreassent,
1255 2954 1391 3018 invene-

712 3062 793 3118 runt
825 3056 873 3118 ibi
903 3074 987 3118 casu
1014 3055 1132 3119 vinum
1162 3053 1330 3136 optimum
1357 3056 1392 3117 in

713 3156 857 3218 taberna
888 3155 1050 3236 quadam,
1077 3153 1181 3217 etad
1208 3152 1392 3217 bibendum

711 3272 830 3317 suave.
877 3252 948 3317 Ubi
965 3253 1054 3316 inter
1071 3252 1213 3315 clericos
1230 3259 1391 3333 potantes

712 3361 749 3417 et
765 3370 938 3433 caupones
959 3351 1002 3414 de
1025 3351 1135 3433 pretio
1156 3350 1228 3413 vini
1251 3358 1393 3415 conten·

712 3452 807 3515 tione
823 3452 978 3526 suborta,
990 3456 1169 3531 coeperunt
1182 3449 1226 3513 ad
1243 3448 1391 3513 invicem

713 3550 834 3633 alapas
871 3549 953 3613 dare
995 3556 1031 3613 et
1063 3547 1207 3630 capillos
1247 3547 1391 3624 laniare,
1433 3632 1435 3637 s

712 3668 892 3731 quousque
916 3648 1071 3712 homines
1094 3646 1188 3711 villae
1209 3661 1390 3710 accurren-

711 3758 765 3814 tes
779 3768 953 3833 caupones
973 3748 1206 3811 liberaverunt
1222 3746 1265 3809 de
1286 3747 1392 3810 mani-

711 3850 776 3913 bus
806 3849 1031 3926 clericorum3
1071 3845 1144 3922 sed,
1179 3852 1215 3910 et
1246 3845 1390 3910 vulnera

712 3948 986 4028 repugnantibus
1016 3944 1150 4010 clericis
1181 3944 1390 4026 infligentes,

712 4045 798 4108 bene
823 4045 1009 4126 fustigatos
1040 4051 1075 4107 et
1100 4044 1238 4125 egregie
1267 4061 1326 4106 eos
1355 4045 1390 4106 in

713 4142 831 4224 fugam
866 4142 1117 4226 compulerunt.
1186 4140 1245 4204 Illi
1276 4148 1392 4204 autem

711 4241 855 4306 lacerati
893 4243 929 4305 in
965 4242 1140 4306 civitatem
1178 4249 1392 4305 revertentes

713 4347 971 4405 commoverunt
997 4339 1133 4403 sodales
1159 4338 1195 4401 in
1224 4338 1388 4403 ultionem

713 4458 832 4518 suam3
859 4439 971 4522 quiin
997 4438 1147 4503 crastino
1167 4457 1246 4502 cum
1265 4438 1391 4520 gladiis

713 4546 747 4602 et
767 4539 915 4602 fustibus
940 4539 983 4602 ad
1006 4544 1162 4602 sanctum
1187 4537 1389 4602 Marcellum
