3384 5625
677 756 876 805 nucrrouus
899 757 1032 805 viarm.
1332 742 1398 807 313

305 881 362 917 Plu.
387 881 438 918 uu.

296 944 373 1017 324,
413 945 444 1019 9,
459 940 648 1026 Rudulplue
696 942 883 1008 Robertus.

295 1109 346 1120 -
391 1070 443 1145 11,
459 1068 589 1151 suscepit
696 1068 789 1132 addit
812 1067 940 1144 Paris,
964 1066 1172 1131 Pertransiit
1197 1073 1313 1131 autem
1336 1086 1398 1130 an-

720 1186 786 1230 nus
808 1168 875 1232 iste
892 1167 1060 1230 fructibus
1083 1168 1239 1231 omnibus
1258 1166 1397 1241 sterilis,

720 1267 838 1348 fruges
861 1266 991 1330 habens
1018 1267 1257 1348 paucissimas,
1274 1285 1398 1329 verun-

721 1373 836 1429 tamen
864 1367 973 1429 bonas
1003 1373 1038 1429 et
1065 1365 1321 1449 inopinabiliter
1344 1384 1398 1428 re·

720 1465 949 1547 spondentes3
976 1463 1105 1546 Anglia
1118 1484 1261 1547 paucas,
1279 1463 1397 1528 Gallia

721 1565 912 1647 pauciores,
933 1563 1108 1627 Gasconia
1128 1584 1211 1629 vero
1233 1564 1303 1627 fere
1322 1564 1398 1626 nul-

721 1664 773 1727 las
799 1671 935 1744 segetes
960 1670 1157 1743 asserente3
1183 1682 1261 1727 cum
1281 1670 1397 1726 tamen

722 1782 831 1826 annus
857 1763 936 1827 huic
956 1782 1046 1826 anno
1069 1764 1248 1844 proximus
1270 1762 1397 1826 multas

722 1863 756 1924 in
769 1882 849 1926 vere
864 1870 899 1926 et
910 1869 1032 1928 aestate
1049 1862 1273 1944 promisisset,
1286 1861 1346 1924 sed
1360 1862 1396 1924 in

721 1969 887 2026 autumno
918 1962 1036 2045 pluvia
1064 1961 1249 2026 suffocatas
1281 1960 1398 2042 fruges

721 2062 901 2142 pauciores
918 2061 1150 2144 persolvisset.
1194 2059 1323 2124 Eodem
1337 2078 1399 2122 an·

722 2179 766 2223 no
795 2167 898 2242 capta
926 2169 978 2224 est
1006 2160 1119 2224 insula
1139 2159 1323 2243 Majorica‚
1348 2160 1398 2223 sic

721 2259 813 2323 dicta
832 2259 875 2323 ad
890 2260 1116 2323 differentiam
1133 2257 1313 2322 Minoricae
1338 2276 1399 2322 seu

722 2359 865 2423 minoris
890 2359 1025 2435 insulae,
1050 2378 1127 2442 quae
1151 2360 1219 2424 sita
1242 2365 1295 2422 est
1310 2358 1400 2421 inter

724 2455 878 2522 Africam
902 2466 938 2523 et
964 2458 1170 2535 Marsiliam,
1194 2458 1400 2522 Christianis

721 2556 822 2617 nimis
840 2558 975 2633 nociva,
1001 2558 1132 2621 scilicet
1156 2576 1178 2620 a
1196 2577 1277 2639 rege
1294 2556 1400 2622 Arra-

720 2656 833 2735 goniae
851 2662 886 2719 et
903 2655 1034 2719 civibus
1053 2656 1231 2721 Marsiliae.

299 2824 350 2835 -
394 2782 446 2858 16,
464 2780 608 2845 eteoclem
699 2778 980 2862 quamplurimis3
1004 2798 1122 2864 eoque.

298 2942 350 2953 —
395 2909 447 2983 19,
457 2908 608 2990 scrotum
699 2903 791 2968 furto
808 2896 995 2987 sublatum·

299 3012 351 3085 ζ-
395 3034 448 3109 26,
465 3033 558 3117 Hupo
702 3027 811 3110 Hugo
829 3030 872 3093 de
890 3028 1021 3094 Valles.

300 3181 352 3201 ⁶-
393 3191 438 3203 -
462 3155 597 3218 omnimo
699 3153 942 3216 monachorum
974 3159 1185 3235 persecutor,
1217 3155 1400 3219 canonico·

464 3253 611 3318 inimicos
721 3272 797 3315 rum
822 3259 857 3317 et
880 3252 1032 3316 omnium
1056 3253 1295 3334 religiosorum
1317 3255 1403 3317 mal-

723 3351 806 3415 leus.

300 3510 352 3522 -
395 3477 448 3552 30,
468 3475 645 3540 Grossetesta
700 3481 927 3557 cognomento
943 3473 1175 3552 Grosseteste‚
1192 3476 1244 3540 vir
1265 3476 1402 3558 quidem

471 3576 653 3640 ..eraditus
723 3574 825 3637 nimis
838 3574 1009 3650 literatus,
1021 3592 1043 3636 a
1057 3575 1175 3657 primis
1188 3575 1288 3638 annis
1304 3574 1403 3639 scho-

723 3673 766 3736 lis
784 3673 963 3737 educatus.

303 3796 378 3870 325,
416 3796 447 3871 3,
462 3815 574 3858 mamas
590 3841 598 3856 .
617 3843 624 3859 .
645 3844 653 3858 .
701 3803 923 3861 consecratus
939 3803 1003 3861 est.

466 3894 596 3979 suscepit

302 4057 354 4068 —
419 4020 452 4093 5,
468 4018 640 4181 Oocpcori·
701 4018 795 4083 addit
812 4018 938 4097 Paris,
952 4026 987 4084 et
1002 4019 1243 4103 allegantibus.

469 4138 533 4181 eoa
553 4139 589 4182 as

301 4279 354 4293 -
420 4237 538 4324 astari
702 4239 791 4305 deae

302 4409 353 4420 -
418 4407 445 4420 -
465 4370 655 4434 itotomao..
704 4385 747 4429 ne
767 4365 903 4430 labores
925 4373 959 4429 et
973 4385 1136 4448 expensae
1157 4353 1406 4435 frustrarentur

470 4469 507 4532 de
523 4478 625 4533 cataro
726 4465 1016 4544 convenientium,
1027 4467 1078 4530 ita
1092 4475 1206 4532 tamen
1222 4471 1313 4552 quod
1326 4471 1359 4534 id
1369 4471 1405 4534 iu

726 4567 1007 4648 consequentiam
1023 4567 1171 4650 amplius
1190 4590 1268 4634 non.
