3384 5625
295 776 360 840 118
667 793 866 844 nncrrouns
890 795 1026 844 viarm.

298 917 355 1053 llll,
389 916 495 1055 {lma
507 978 602 1062 praui
699 989 737 1046 ut
754 1001 799 1045 ex
816 983 928 1063 gravi.

297 1143 348 1153 -
393 1102 446 1174 25,
461 1098 558 1162 scieas
698 1106 930 1187 cognovisset.

301 1222 352 1298 61,
392 1225 443 1300 12,
453 1223 573 1308 superi
698 1229 813 1312 fugari
829 1250 873 1295 ae
886 1231 1018 1312 fugere.

298 1389 349 1399 -
394 1348 447 1420 19,
463 1344 591 1429 aesario
700 1352 859 1417 nefanda.

301 1469 353 1545 62,
415 1470 444 1545 1,
462 1476 491 1532 et
506 1469 597 1553 quasi
700 1482 817 1557 atque.

419 1594 448 1668 2,
466 1591 635 1655 salutato·
701 1597 929 1661 excitatoriis.

467 1712 528 1754 ras

419 1818 451 1891 3,
466 1836 521 1880 aec
699 1817 854 1899 sineque.

420 1940 452 2013 6,
469 1937 608 2003 baccam
701 1939 823 2005 lancea
836 1940 1024 2005 confracta.

468 2036 572 2102 vibrat

390 2165 440 2238 18,
453 2162 657 2247 repellebatur
702 2160 906 2243 pellebatur.

304 2285 358 2359 63,
393 2286 655 2364 13,Iatcracaue-
704 2283 845 2349 Interea
877 2284 1060 2349 nuntiatur
1086 2283 1269 2363 exercitui,
1302 2305 1406 2369 quem

469 2386 652 2451 tiator...
727 2386 818 2466 apud
848 2384 972 2449 Achon
1001 2404 1064 2448 rex
1097 2384 1285 2462 dimiserat,
1313 2386 1408 2469 apud

471 2485 536 2548 ‘ad
550 2487 655 2549 aare
726 2483 750 2548 J
753 2504 841 2567 open
864 2503 980 2566 regem
1004 2486 1048 2548 ab
1076 2485 1233 2548 hostibus
1262 2486 1408 2549 circum-

470 2580 518 2647 lc'
537 2606 655 2649 bucca·
726 2592 876 2667 septum,
894 2584 1099 2667 quantocius
1111 2583 1327 2666 capiendum,
1338 2584 1407 2648 nisi

462 2694 565 2768 petar
726 2684 872 2748 celerius
890 2686 921 2747 ei
938 2684 1174 2747 subveniatur.
1226 2682 1408 2748 Convene-

726 2792 809 2849 runt
822 2785 929 2866 igitur
946 2783 1175 2848 strenuissimi
1192 2782 1236 2847 ad
1254 2802 1406 2866 unguem

726 2885 862 2961 armati,
886 2882 947 2946 sed
972 2903 1049 2947 cum
1074 2882 1118 2946 ad
1145 2884 1257 2948 locum
1285 2903 1408 2966 perve-

725 2984 858 3047 nissent
897 2981 1106 3060 certaminis,
1148 2989 1184 3046 et
1224 2983 1406 3048 audissent

725 3082 818 3164 quod
844 3101 908 3145 rex
938 3101 1014 3145 cum
1042 3089 1115 3146 tam
1139 3080 1259 3166 paucis
1287 3082 1330 3146 de
1351 3090 1406 3148 tot

724 3181 876 3245 millibus
900 3181 1050 3245 hostium
1073 3188 1145 3246 tam
1170 3180 1320 3264 gloriose
1341 3183 1406 3245 tri-

723 3280 937 3364 umphasset,
961 3280 1073 3344 Deum
1098 3282 1229 3364 pariter
1251 3286 1287 3344 et
1310 3301 1406 3346 com-

722 3381 873 3445 muniter
887 3381 1117 3446 laudaverunt
1126 3400 1225 3464 aeque
1239 3381 1275 3444 in
1285 3381 1407 3463 paucis

724 3481 816 3544 etin
841 3481 960 3544 multis
981 3480 1200 3545 dimicantem
1228 3485 1264 3543 et
1284 3481 1406 3544 trium-

722 3578 898 3660 phantem.
926 3579 1013 3644 Cum
1030 3588 1144 3645 autem
1161 3579 1234 3644 haec
1249 3580 1406 3644 audisset

722 3677 962 3755 salahadinus
985 3681 1050 3743 etsi
1073 3680 1204 3744 invitus
1227 3678 1405 3743 Christum

723 3777 910 3840 Dominum
937 3797 978 3841 ac
999 3779 1111 3842 Deum
1129 3778 1404 3844 Christianorum

722 3875 953 3956 glorificavit3
980 3879 1174 3962 adjungens
1196 3878 1288 3961 quod
1311 3878 1403 3943 inter

722 3994 840 4040 omnes
855 3977 973 4040 mundi
988 3979 1159 4061 principes
1180 3977 1404 4059 dignissimus

721 4074 949 4141 admiratione
970 4077 1037 4140 fuit
1063 4096 1126 4141 rex
1149 4077 1344 4142 Richardus
1373 4079 1405 4142 si

720 4195 790 4239 non
817 4177 871 4240 sui
902 4184 972 4240 tam
1004 4176 1170 4258 prodigus
1198 4177 1405 4256 exstitisset,

720 4294 789 4339 non
801 4277 904 4353 enim,
916 4283 957 4339 ut
968 4277 1156 4353 asserebat,
1174 4295 1288 4358 regem
1303 4274 1404 4342 decet

718 4375 812 4438 omni
847 4375 990 4458 ancipiti
1028 4375 1182 4457 periculo
1217 4395 1255 4440 se
1291 4395 1402 4458 expo·

719 4494 818 4552 nere;
845 4475 905 4538 sed
922 4475 952 4537 si
967 4474 1092 4557 aliquis
1111 4494 1172 4538 rex
1194 4474 1402 4556 magnificus

717 4573 805 4635 tales
834 4574 926 4636 mille
962 4574 1104 4638 haberet
1136 4575 1401 4653 commilitoneS,
