3384 5625
299 773 365 841 220
673 783 874 831 nncrrouns
898 784 1031 832 viarm.

302 913 359 948 Ple.
393 911 447 947 llll.

303 971 355 1051 37,
417 974 446 1049 6,
463 971 518 1055 qui
584 991 652 1034 coo·
702 976 771 1034 ete
788 989 968 1034 converso.

458 1071 614 1154 jactorum

303 1232 354 1242 -
420 1199 450 1271 8,
468 1194 615 1277 conjectu·
702 1195 795 1260 addit
806 1194 932 1272 Paris,
947 1194 1049 1260 Circa
1066 1194 1127 1259 illa
1143 1200 1301 1277 tempora
1316 1212 1412 1277 papa

470 1315 540 1357 rom
726 1294 917 1372 HonoriuS,
957 1294 1032 1376 regi
1067 1293 1264 1358 desiderans
1297 1294 1411 1358 incre·

725 1403 879 1458 mentum
905 1395 941 1457 in
962 1396 1119 1471 virtutes,
1146 1394 1286 1476 scripsit
1314 1394 1346 1457 ei
1371 1394 1409 1456 in

725 1496 799 1558 haec
829 1497 956 1572 verba3
985 1493 1204 1570 ‘Honorius‚
1234 1494 1309 1575 regi
1335 1490 1409 1557 An-

727 1593 874 1676 glorum.
914 1593 1002 1657 Cum
1018 1601 1053 1657 te
1070 1602 1235 1675 tanquam
1252 1592 1408 1656 ecclesiae

727 1693 897 1757 Romanae
924 1694 1032 1756 filium
1060 1692 1241 1775 specialem
1273 1693 1409 1755 sincero

727 1793 911 1875 diligentes
922 1793 1047 1857 affectu
1063 1793 1243 1874 cupiamus
1261 1798 1299 1856 ut
1313 1790 1408 1873 apud

728 1892 841 1956 Deum
860 1899 895 1956 et
912 1893 1066 1957 homines
1085 1891 1246 1974 proficias
1271 1892 1408 1973 sapien-

728 1992 779 2056 tia
817 1999 852 2055 et
883 2000 998 2068 aetate,
1034 1991 1181 2055 libenter
1212 1991 1409 2054 salubribus

728 2091 868 2156 monitis
909 2092 1164 2174 praemunimus
1201 2110 1278 2173 quae
1310 2098 1408 2154 tanto

730 2192 835 2255 altius
876 2192 970 2255 cordi
1015 2199 1076 2255 tuo
1126 2190 1252 2254 debent
1298 2189 1408 2271 infigi,

729 2297 860 2371 quanto
893 2311 937 2354 ex
974 2291 1098 2374 majori
1126 2298 1253 2354 nostrae
1283 2290 1409 2353 mentis

729 2388 908 2453 affectione
936 2390 1135 2471 procedunt.
1188 2389 1280 2468 Quia
1303 2390 1411 2471 igitur

730 2488 834 2551 timor
856 2489 998 2553 Domini
1019 2496 1072 2554 est
1092 2489 1168 2553 sons
1184 2490 1277 2566 vitae,
1296 2490 1408 2572 quise

730 2594 869 2669 potatos
887 2608 909 2651 a
926 2596 1068 2671 peccato
1092 2607 1307 2671 praeservans
1330 2607 1409 2651 eru-

730 2687 781 2751 dit
808 2688 966 2765 salutem,
985 2695 1223 2771 praestansque
1248 2688 1407 2752 fiduciam

730 2787 953 2867 fortitudinis,
981 2808 1069 2870 quos
1094 2786 1198 2853 afficit
1222 2788 1334 2852 reddit
1364 2788 1408 2853 ab

731 2887 887 2951 hostibus
901 2890 1025 2952 mentis
1040 2897 1076 2952 et
1086 2887 1238 2971 corporis
1251 2888 1406 2964 tutioreS,

730 2986 950 3050 serenitatem
989 2989 1119 3070 regiam
1157 3006 1335 3052 monemus
1375 2994 1411 3052 et

731 3084 909 3149 hortamur
925 3093 1069 3165 attente,
1085 3094 1256 3170 quatenus
1270 3089 1315 3151 ab
1325 3088 1409 3151 ado·

731 3183 897 3249 lesccntia
916 3192 977 3250 tua
999 3187 1113 3251 timori
1132 3187 1272 3251 Domini
1290 3206 1409 3251 assue-

732 3304 831 3347 scens
848 3286 884 3349 in
901 3305 942 3350 co
963 3293 1081 3350 teneas
1104 3293 1138 3350 te
1160 3287 1339 3363 instanter,
1360 3292 1409 3350 te·

733 3404 799 3467 que
832 3405 854 3448 a
890 3386 984 3450 vitiis
1017 3386 1195 3449 continens
1225 3385 1411 3449 virtutibus

732 3483 839 3546 imbui
865 3492 1007 3566 satagas
1035 3485 1201 3562 studiose,
1232 3504 1411 3567 sponsam-

732 3602 799 3664 que
824 3571 1166 3662 Christi'ecclesiam
1185 3590 1220 3648 et
1236 3584 1409 3648 ministros

731 3681 852 3761 ipsius,
876 3683 910 3744 in
936 3683 1060 3765 quibus
1083 3684 1173 3747 idem
1192 3684 1356 3747 honorari
1374 3690 1409 3748 et

731 3780 846 3860 sperni
868 3799 905 3843 se
923 3783 1058 3860 asserit,
1075 3783 1251 3847 humiliter
1266 3802 1409 3847 venere·

731 3877 800 3955 ris;
823 3884 863 3942 ut
878 3879 920 3942 de
942 3882 1056 3960 gratia
1078 3882 1115 3945 in
1136 3883 1296 3963 gratiam,
1318 3882 1412 3946 etde

732 3977 860 4042 virtute
879 3979 1062 4061 proficiens
1085 3981 1120 4044 in
1138 3983 1315 4057 virtutem,
1332 3982 1412 4045 sub-

727 4077 860 4161 jeetum
881 4080 944 4143 tibi
968 4080 1134 4163 populum
1160 4081 1197 4143 in
1222 4080 1413 4163 pulchritu-

733 4177 811 4243 dine
837 4180 933 4262 pacis
957 4185 992 4242 et
1014 4178 1132 4262 requie
1159 4179 1326 4262 opulenta
1349 4198 1413 4261 gu-

731 4278 866 4356 bernes,
886 4286 921 4342 et
936 4278 1009 4341 dies
1026 4298 1132 4361 super
1148 4279 1221 4342 dies
1237 4279 1330 4360 regis
1351 4278 1413 4343 ad-

728 4376 854 4459 jiciens
876 4377 1047 4441 Dominus
1073 4397 1181 4442 annos
1207 4378 1414 4461 multiplicet

732 4476 814 4538 vitae
829 4483 911 4553 tuae,
927 4477 1134 4560 tandemque
1153 4477 1196 4542 de
1217 4484 1353 4542 terreno
1376 4485 1412 4542 et

733 4574 932 4639 transitorio
964 4583 998 4641 te
1026 4577 1070 4640 ad
1100 4596 1245 4659 regnum
1272 4577 1410 4642 caeleste
