3384 5625
635 773 836 823 nucmouns
860 774 992 823 vunnu
1297 759 1366 824 297

264 956 331 1021 fuit
348 955 577 1039 perturbatio;
600 954 759 1019 dominus
776 956 868 1019 enim
884 974 977 1037 papa
995 956 1210 1020 occasionem
1228 976 1366 1022 sumens

265 1077 287 1119 a
308 1056 475 1138 praedicta
499 1055 717 1137 imperatoris
741 1056 991 1137 persecutione,
1017 1063 1279 1137 argumentosas
1306 1076 1367 1120 ex-

265 1156 447 1232 torsiones,
476 1153 649 1236 praecipue
675 1156 711 1217 in
741 1153 882 1235 Anglia,
911 1156 1115 1235 excogitans
1145 1163 1180 1220 et
1205 1156 1368 1239 multipli-

265 1274 360 1332 cans,
377 1255 511 1335 legatos
532 1253 597 1316 suh
619 1254 734 1335 specie
755 1253 959 1336 simplicium
983 1256 1192 1332 nuntiorum,
1215 1262 1368 1338 potesta-

266 1361 334 1419 tem
353 1362 470 1418 tamen
495 1352 662 1416 habentes
680 1353 886 1433 legatorum,
912 1353 1063 1436 undique
1085 1355 1282 1431 destinavit,
1309 1356 1368 1438 qui

266 1452 489 1517 multifariam
504 1458 694 1532 exegerunt
710 1453 904 1533 pecuniam,
920 1473 1011 1516 nunc
1026 1454 1256 1536 praedicando,
1276 1473 1366 1518 nunc

268 1551 507 1635 supplicando,
531 1570 621 1614 nunc
642 1551 885 1633 praecipiendo,
902 1571 993 1614 nunc
1008 1554 1259 1629 comminand0,
1276 1573 1367 1623 nuno

268 1649 610 1726 excommunicando,
627 1669 718 1713 nunc
736 1651 994 1731 procurationes
1012 1651 1194 1732 exigendo,
1211 1672 1272 1734 per
1290 1673 1367 1734 reg-

269 1771 351 1813 num
372 1749 512 1831 Angliae
526 1749 679 1812 infinitos
698 1757 853 1813 extorres
875 1749 1096 1813 reddiderunt
1117 1757 1153 1814 et
1175 1751 1369 1815 mendican-

267 1859 342 1928 tes;
369 1856 404 1913 et
428 1856 467 1912 ut
494 1846 665 1913 efficacius
688 1848 870 1929 thesauros
897 1850 1047 1913 omnium
1074 1857 1307 1931 emungerent,
1333 1857 1368 1915 et

267 1950 445 2032 pecuniam
464 1949 564 2029 quasi
579 1946 622 2010 ad
639 1967 838 2011 succursum
854 1947 971 2011 Terrae
986 1956 1116 2012 sauctae
1130 1949 1280 2032 undique
1298 1950 1366 2013 col·

267 2049 426 2129 ligarent,
447 2047 546 2130 cujus
566 2054 681 2110 tamen
701 2048 856 2129 pecuniae
878 2047 988 2110 voluit
1007 2066 1102 2124 suos,
1123 2067 1209 2130 quos
1237 2049 1280 2112 ad
1303 2049 1367 2113 hoc

268 2149 454 2223 ordinaret,
482 2166 558 2209 esse
582 2146 782 2209 collectores
812 2153 847 2209 et
873 2145 1139 2228 dispensatores,
1163 2167 1226 2211 nec
1253 2156 1368 2212 tamen

267 2248 347 2311 inde
374 2265 526 2329 unquam
549 2246 657 2308 sensit
683 2245 828 2309 ecclesia
853 2246 1116 2326 promotionem,
1143 2247 1281 2329 scripsit
1307 2248 1369 2311 do·

269 2347 380 2410 minus
404 2365 497 2427 papa
518 2345 675 2408 omnihus
694 2343 823 2407 Christi
847 2343 1004 2407 fidelibus
1023 2346 1060 2407 in
1085 2344 1159 2408 haec
1174 2348 1278 2410 verba
1301 2346 1368 2410 ele-

269 2446 484 2527 gantissima,
528 2463 606 2526 quae
644 2444 749 2508 corda
784 2443 961 2507 hominum
998 2443 1135 2527 lapidea
1170 2446 1368 2510 viderentur

269 2551 463 2627 penetrare,
485 2543 552 2606 nisi
576 2542 670 2606 sacta
688 2543 875 2606 humilitati
901 2562 941 2607 ac
964 2543 1113 2627 justitiae
1139 2544 1215 2608 luce
1241 2545 1366 2608 clarius

269 2643 491 2709 adversantia
504 2650 738 2725 sequerentur.

450 2807 595 2894 Epistola
615 2808 758 2894 Gregorii
766 2831 862 2894 pupae
876 2807 913 2872 de
930 2808 1045 2894 negotio
1062 2808 1174 2874 crucis.

319 2942 531 3022 ‘Gregorius
549 2940 743 3023 episcopus,
761 2960 882 3005 servus
902 2960 1079 3005 servorum
1098 2941 1177 3018 Dei,
1195 2943 1367 3007 universis

269 3042 397 3106 domini
424 3040 533 3104 nostri
550 3039 573 3102 J
576 3059 636 3102 esu
654 3039 782 3104 Christi
806 3040 964 3104 fidelihus
986 3059 1048 3122 per
1070 3060 1212 3121 regnum
1228 3040 1365 3124 Angliae

268 3141 476 3216 constitutis,
497 3139 540 3202 ad
562 3158 648 3221 quos
673 3138 782 3202 literae
807 3141 885 3203 istae
910 3141 1137 3221 pervenerint,
1161 3141 1307 3205 salutem
1331 3149 1367 3207 et

268 3239 493 3322 apostolicam
527 3237 809 3302 benedictionem.
875 3237 1008 3301 Rachel
1042 3259 1143 3301 suum
1174 3240 1294 3303 videns
1330 3242 1368 3304 in

268 3358 361 3404 verae
376 3337 455 3401 fidei
470 3337 664 3417 cognitione
690 3338 894 3420 principium
921 3338 1190 3401 accrescentium
1215 3339 1250 3401 in
1272 3339 1366 3403 salu-

269 3448 351 3514 tem,
384 3449 420 3501 et
453 3435 601 3500 filiorum
635 3435 788 3500 dexterae
823 3437 882 3519 pia
916 3444 1026 3500 mater
1052 3443 1175 3500 sancta
1207 3436 1367 3508 Romana

270 3537 425 3613 ecclesia,
454 3535 555 3618 cujus
588 3553 715 3616 magna
745 3543 798 3599 est
828 3537 926 3617 quasi
955 3555 1049 3599 mare
1082 3535 1124 3599 de
1155 3555 1228 3599 suae
1259 3536 1366 3618 prolis

270 3635 501 3700 internecione
531 3635 705 3711 contritio,
735 3654 853 3698 vocem
885 3634 1152 3712 lamentationis,
1183 3635 1298 3710 fletus,
1329 3643 1364 3700 et

270 3737 383 3799 luctus
403 3733 516 3797 emisit
536 3734 702 3798 hactenus
726 3741 762 3798 et
782 3735 920 3812 emittit,
945 3754 1048 3817 quam
1073 3735 1183 3798 audiri
1207 3735 1364 3816 cupimus

268 3836 305 3899 in
321 3834 471 3910 excelso,
488 3839 528 3896 ut
543 3853 603 3914 per
628 3834 718 3898 diem
742 3841 778 3897 et
795 3842 929 3898 noctem
954 3833 1104 3898 fidelium
1125 3835 1216 3899 oculi
1238 3834 1367 3901 doloris

270 3934 481 4015 lachrymam
503 3932 709 3996 deducentes
731 3953 800 3996 non
820 3939 971 4009 taceant,
988 3940 1023 3995 et
1040 3933 1149 3997 donec
1164 3935 1367 3998 misereatur

270 4033 440 4097 Dominus
458 4051 527 4096 non
549 4031 737 4114 quiescant.
789 4031 1017 4094 Lamentatur
1043 4037 1169 4106 autem,
1196 4033 1278 4112 quia
1303 4033 1364 4095 do·

269 4153 345 4196 mus
367 4131 516 4196 caelestis
539 4132 651 4214 panis,
676 4149 774 4194 mons
803 4130 910 4212 Syon,
935 4127 1026 4192 unde
1045 4129 1103 4192 lex
1124 4129 1220 4204 exiit,
1243 4130 1365 4194 civitas

270 4232 380 4313 Regis
408 4231 534 4312 magni,
564 4229 606 4293 de
628 4249 697 4313 qua
722 4229 815 4292 dicta
844 4237 880 4292 et
910 4228 1040 4310 scripta
1064 4229 1173 4292 multa
1204 4227 1368 4308 gloriosa,

268 4339 362 4395 terra
376 4330 562 4413 quamDei
579 4329 689 4392 Filius
707 4327 784 4391 fuso
803 4347 867 4410 pro
889 4328 988 4391 nohis
1010 4347 1073 4392 suo
1094 4328 1262 4409 sanguiue
1287 4348 1368 4392 con·

268 4431 429 4507 sacravit,
444 4430 541 4510 regni
558 4430 663 4492 robur
677 4425 825 4509 perdidit
842 4433 876 4490 et
889 4426 1132 4490 fortitudinem.
1180 4427 1270 4504 Flet,
1286 4428 1368 4511 quia

269 4528 443 4613 quondam
464 4528 584 4605 libera,
603 4529 667 4590 suh
689 4527 795 4610 impio
818 4525 1012 4609 tyrannidis
1031 4526 1119 4610 jugo
1146 4527 1282 4608 cogitur
1308 4546 1366 4590 an-
