<?xml version="1.0" encoding="UTF-8"?>
<!DOCTYPE html PUBLIC "-//W3C//DTD XHTML 1.0 Transitional//EN"
    "http://www.w3.org/TR/xhtml1/DTD/xhtml1-transitional.dtd">
<html xmlns="http://www.w3.org/1999/xhtml" xml:lang="en" lang="en">
 <head>
  <title>
</title>
<meta http-equiv="Content-Type" content="text/html;charset=utf-8" />
  <meta name='ocr-system' content='tesseract 3.04.00' />
  <meta name='ocr-capabilities' content='ocr_page ocr_carea ocr_par ocr_line ocrx_word'/>
</head>
<body>
  <div class='ocr_page' id='page_1' title='image "./rogeridewendove00rogegoog_0020.png"; bbox 0 0 3384 5625; ppageno 0'>
   <div class='ocr_carea' id='block_1_1' title="bbox 339 760 1039 823">
    <p class='ocr_par' dir='ltr' id='par_1_1' title="bbox 339 760 1039 823">
     <span class='ocr_line' id='line_1_1' title="bbox 339 760 1039 823; baseline -0.001 -1"><span class='ocrx_word' id='word_1_1' title='bbox 339 760 400 823; x_wconf 84' lang='lat' dir='ltr'>xiv</span> <span class='ocrx_word' id='word_1_2' title='bbox 751 773 1039 822; x_wconf 80' lang='lat' dir='ltr'>mrnonucrrorv.</span> 
     </span>
    </p>
   </div>
   <div class='ocr_carea' id='block_1_2' title="bbox 341 956 1444 1936">
    <p class='ocr_par' dir='ltr' id='par_1_2' title="bbox 341 956 1444 1936">
     <span class='ocr_line' id='line_1_2' title="bbox 341 956 1440 1040; baseline -0.002 -19"><span class='ocrx_word' id='word_1_3' title='bbox 341 958 498 1021; x_wconf 91' lang='lat' dir='ltr'>tabulatu</span> <span class='ocrx_word' id='word_1_4' title='bbox 528 976 570 1020; x_wconf 89' lang='lat' dir='ltr'>ex</span> <span class='ocrx_word' id='word_1_5' title='bbox 598 957 698 1020; x_wconf 90' lang='lat' dir='ltr'>ruina</span> <span class='ocrx_word' id='word_1_6' title='bbox 721 956 873 1038; x_wconf 85' lang='lat' dir='ltr'>antiquae</span> <span class='ocrx_word' id='word_1_7' title='bbox 899 956 1050 1020; x_wconf 90' lang='lat' dir='ltr'>civitatis</span> <span class='ocrx_word' id='word_1_8' title='bbox 1074 956 1226 1020; x_wconf 89' lang='lat' dir='ltr'>lateritio</span> <span class='ocrx_word' id='word_1_9' title='bbox 1254 957 1440 1040; x_wconf 81' lang='lat' dir='ltr'><strong>reparavit.</strong></span> 
     </span>
     <span class='ocr_line' id='line_1_3' title="bbox 343 1055 1441 1139; baseline 0.001 -19"><span class='ocrx_word' id='word_1_10' title='bbox 343 1056 413 1120; x_wconf 90' lang='lat' dir='ltr'>Hic</span> <span class='ocrx_word' id='word_1_11' title='bbox 439 1055 654 1120; x_wconf 89' lang='lat' dir='ltr'>Lanfrancus</span> <span class='ocrx_word' id='word_1_12' title='bbox 675 1065 884 1120; x_wconf 88' lang='lat' dir='ltr'>memoratus</span> <span class='ocrx_word' id='word_1_13' title='bbox 908 1056 1205 1139; x_wconf 82' lang='lat' dir='ltr'>archiepiscopatu</span> <span class='ocrx_word' id='word_1_14' title='bbox 1227 1056 1326 1121; x_wconf 89' lang='lat' dir='ltr'>annis</span> <span class='ocrx_word' id='word_1_15' title='bbox 1348 1064 1441 1121; x_wconf 77' lang='lat' dir='ltr'>octo</span> 
     </span>
     <span class='ocr_line' id='line_1_4' title="bbox 342 1155 1442 1234; baseline 0.001 -14"><span class='ocrx_word' id='word_1_16' title='bbox 342 1157 451 1220; x_wconf 88' lang='lat' dir='ltr'>decim</span> <span class='ocrx_word' id='word_1_17' title='bbox 479 1156 698 1219; x_wconf 82' lang='lat' dir='ltr'>laudabiliter</span> <span class='ocrx_word' id='word_1_18' title='bbox 729 1164 966 1234; x_wconf 62' lang='lat' dir='ltr'>conversatum</span> <span class='ocrx_word' id='word_1_19' title='bbox 996 1155 1250 1221; x_wconf 89' lang='lat' dir='ltr'>successoribus</span> <span class='ocrx_word' id='word_1_20' title='bbox 1281 1157 1353 1221; x_wconf 91' lang='lat' dir='ltr'>suis</span> <span class='ocrx_word' id='word_1_21' title='bbox 1382 1177 1442 1221; x_wconf 85' lang='lat' dir='ltr'>ex-</span> 
     </span>
     <span class='ocr_line' id='line_1_5' title="bbox 342 1256 1442 1339; baseline 0 -20"><span class='ocrx_word' id='word_1_22' title='bbox 342 1256 492 1337; x_wconf 91' lang='lat' dir='ltr'>emplum</span> <span class='ocrx_word' id='word_1_23' title='bbox 524 1256 673 1338; x_wconf 84' lang='lat' dir='ltr'>praebuit</span> <span class='ocrx_word' id='word_1_24' title='bbox 701 1256 768 1337; x_wconf 88' lang='lat' dir='ltr'>piae</span> <span class='ocrx_word' id='word_1_25' title='bbox 798 1258 1080 1321; x_wconf 82' lang='lat' dir='ltr'>conversationis</span> <span class='ocrx_word' id='word_1_26' title='bbox 1134 1257 1264 1321; x_wconf 90' lang='lat' dir='ltr'>Eodem</span> <span class='ocrx_word' id='word_1_27' title='bbox 1287 1262 1442 1339; x_wconf 87' lang='lat' dir='ltr'>tempore</span> 
     </span>
     <span class='ocr_line' id='line_1_6' title="bbox 345 1351 1442 1436; baseline 0.001 -18"><span class='ocrx_word' id='word_1_28' title='bbox 345 1353 504 1436; x_wconf 90' lang='lat' dir='ltr'>Edgarus</span> <span class='ocrx_word' id='word_1_29' title='bbox 532 1354 706 1436; x_wconf 88' lang='lat' dir='ltr'>Etheling,</span> <span class='ocrx_word' id='word_1_30' title='bbox 740 1356 831 1436; x_wconf 89' lang='lat' dir='ltr'>regis</span> <span class='ocrx_word' id='word_1_31' title='bbox 856 1355 1023 1420; x_wconf 91' lang='lat' dir='ltr'>Willelmi</span> <span class='ocrx_word' id='word_1_32' title='bbox 1059 1351 1231 1435; x_wconf 79' lang='lat' dir='ltr'>deditiuS,¹</span> <span class='ocrx_word' id='word_1_33' title='bbox 1270 1357 1362 1421; x_wconf 82' lang='lat' dir='ltr'>sacto</span> <span class='ocrx_word' id='word_1_34' title='bbox 1397 1356 1442 1420; x_wconf 85' lang='lat' dir='ltr'>ad</span> 
     </span>
     <span class='ocr_line' id='line_1_7' title="bbox 347 1453 1442 1537; baseline 0.002 -20"><span class='ocrx_word' id='word_1_35' title='bbox 347 1454 470 1518; x_wconf 91' lang='lat' dir='ltr'>Scotos</span> <span class='ocrx_word' id='word_1_36' title='bbox 503 1454 707 1535; x_wconf 79' lang='lat' dir='ltr'>transfugio,</span> <span class='ocrx_word' id='word_1_37' title='bbox 738 1474 838 1518; x_wconf 89' lang='lat' dir='ltr'>suum</span> <span class='ocrx_word' id='word_1_38' title='bbox 865 1453 1110 1537; x_wconf 86' lang='lat' dir='ltr'>jusjurandum</span> <span class='ocrx_word' id='word_1_39' title='bbox 1138 1456 1350 1533; x_wconf 83' lang='lat' dir='ltr'>maculavit3</span> <span class='ocrx_word' id='word_1_40' title='bbox 1382 1455 1442 1519; x_wconf 90' lang='lat' dir='ltr'>sed</span> 
     </span>
     <span class='ocr_line' id='line_1_8' title="bbox 346 1553 1443 1637; baseline 0.001 -20"><span class='ocrx_word' id='word_1_41' title='bbox 346 1553 484 1617; x_wconf 88' lang='lat' dir='ltr'>tandem</span> <span class='ocrx_word' id='word_1_42' title='bbox 500 1554 672 1635; x_wconf 88' lang='lat' dir='ltr'>poenitens</span> <span class='ocrx_word' id='word_1_43' title='bbox 692 1554 845 1637; x_wconf 91' lang='lat' dir='ltr'>ejusdem</span> <span class='ocrx_word' id='word_1_44' title='bbox 862 1555 953 1635; x_wconf 86' lang='lat' dir='ltr'>regis</span> <span class='ocrx_word' id='word_1_45' title='bbox 969 1554 1235 1619; x_wconf 89' lang='lat' dir='ltr'>misericordiam</span> <span class='ocrx_word' id='word_1_46' title='bbox 1251 1555 1362 1620; x_wconf 91' lang='lat' dir='ltr'>voluit</span> <span class='ocrx_word' id='word_1_47' title='bbox 1379 1575 1443 1618; x_wconf 87' lang='lat' dir='ltr'>ex·</span> 
     </span>
     <span class='ocr_line' id='line_1_9' title="bbox 346 1652 1444 1737; baseline 0.004 -23"><span class='ocrx_word' id='word_1_48' title='bbox 346 1652 461 1733; x_wconf 91' lang='lat' dir='ltr'>periri,</span> <span class='ocrx_word' id='word_1_49' title='bbox 485 1652 580 1715; x_wconf 89' lang='lat' dir='ltr'>etad</span> <span class='ocrx_word' id='word_1_50' title='bbox 601 1653 714 1734; x_wconf 91' lang='lat' dir='ltr'>ipsum</span> <span class='ocrx_word' id='word_1_51' title='bbox 737 1653 772 1716; x_wconf 93' lang='lat' dir='ltr'>in</span> <span class='ocrx_word' id='word_1_52' title='bbox 796 1652 831 1717; x_wconf 96' lang='lat' dir='ltr'>N</span> <span class='ocrx_word' id='word_1_53' title='bbox 833 1653 1048 1717; x_wconf 90' lang='lat' dir='ltr'>ormanniam</span> <span class='ocrx_word' id='word_1_54' title='bbox 1065 1655 1256 1737; x_wconf 90' lang='lat' dir='ltr'>navigavit.</span> <span class='ocrx_word' id='word_1_55' title='bbox 1309 1653 1342 1719; x_wconf 83' lang='lat' dir='ltr'>A</span> <span class='ocrx_word' id='word_1_56' title='bbox 1361 1674 1444 1735; x_wconf 89' lang='lat' dir='ltr'>rege</span> 
     </span>
     <span class='ocr_line' id='line_1_10' title="bbox 346 1751 1443 1834; baseline -0.001 -18"><span class='ocrx_word' id='word_1_57' title='bbox 346 1759 462 1816; x_wconf 88' lang='lat' dir='ltr'>autem</span> <span class='ocrx_word' id='word_1_58' title='bbox 485 1753 572 1816; x_wconf 88' lang='lat' dir='ltr'>satis</span> <span class='ocrx_word' id='word_1_59' title='bbox 593 1751 779 1816; x_wconf 88' lang='lat' dir='ltr'>honorifice</span> <span class='ocrx_word' id='word_1_60' title='bbox 801 1761 983 1834; x_wconf 89' lang='lat' dir='ltr'>susceptus</span> <span class='ocrx_word' id='word_1_61' title='bbox 1006 1762 1040 1817; x_wconf 92' lang='lat' dir='ltr'>et</span> <span class='ocrx_word' id='word_1_62' title='bbox 1057 1753 1231 1819; x_wconf 84' lang='lat' dir='ltr'>donativis</span> <span class='ocrx_word' id='word_1_63' title='bbox 1254 1753 1443 1818; x_wconf 89' lang='lat' dir='ltr'>honoratus</span> 
     </span>
     <span class='ocr_line' id='line_1_11' title="bbox 344 1850 1283 1936; baseline 0.004 -23"><span class='ocrx_word' id='word_1_64' title='bbox 344 1850 467 1915; x_wconf 89' lang='lat' dir='ltr'>libram</span> <span class='ocrx_word' id='word_1_65' title='bbox 485 1853 618 1933; x_wconf 87' lang='lat' dir='ltr'>argenti</span> <span class='ocrx_word' id='word_1_66' title='bbox 637 1871 699 1933; x_wconf 91' lang='lat' dir='ltr'>pro</span> <span class='ocrx_word' id='word_1_67' title='bbox 713 1853 885 1935; x_wconf 90' lang='lat' dir='ltr'>stipendio</span> <span class='ocrx_word' id='word_1_68' title='bbox 902 1852 1056 1935; x_wconf 89' lang='lat' dir='ltr'>suscepit</span> <span class='ocrx_word' id='word_1_69' title='bbox 1070 1853 1283 1936; x_wconf 91' lang='lat' dir='ltr'>quotidiano.</span> 
     </span>
    </p>
   </div>
   <div class='ocr_carea' id='block_1_3' title="bbox 521 2015 1282 2102">
    <p class='ocr_par' dir='ltr' id='par_1_3' title="bbox 521 2015 1282 2102">
     <span class='ocr_line' id='line_1_12' title="bbox 521 2015 1282 2102; baseline 0.005 -23"><span class='ocrx_word' id='word_1_70' title='bbox 521 2016 624 2080; x_wconf 76' lang='lat' dir='ltr'>Malu</span> <span class='ocrx_word' id='word_1_71' title='bbox 637 2015 749 2080; x_wconf 76' lang='lat' dir='ltr'>nobiles</span> <span class='ocrx_word' id='word_1_72' title='bbox 764 2017 890 2102; x_wconf 75' lang='lat' dir='ltr'>Anpliae</span> <span class='ocrx_word' id='word_1_73' title='bbox 906 2016 973 2081; x_wconf 80' lang='lat' dir='ltr'>loco</span> <span class='ocrx_word' id='word_1_74' title='bbox 987 2017 1105 2081; x_wconf 76' lang='lat' dir='ltr'>desorto</span> <span class='ocrx_word' id='word_1_75' title='bbox 1115 2018 1282 2102; x_wconf 76' lang='lat' dir='ltr'>petieram.</span> 
     </span>
    </p>
   </div>
   <div class='ocr_carea' id='block_1_4' title="bbox 348 2146 1469 2833">
    <p class='ocr_par' dir='ltr' id='par_1_4' title="bbox 348 2146 1469 2833">
     <span class='ocr_line' id='line_1_13' title="bbox 397 2146 1469 2233; baseline 0.004 -19"><span class='ocrx_word' id='word_1_76' title='bbox 397 2148 501 2214; x_wconf 85' lang='lat' dir='ltr'>Anno</span> <span class='ocrx_word' id='word_1_77' title='bbox 519 2148 660 2213; x_wconf 89' lang='lat' dir='ltr'>Domini</span> <span class='ocrx_word' id='word_1_78' title='bbox 677 2165 814 2213; x_wconf 78' lang='lat' dir='ltr'>unxxr.</span> <span class='ocrx_word' id='word_1_79' title='bbox 834 2149 1037 2213; x_wconf 90' lang='lat' dir='ltr'>Mercherus</span> <span class='ocrx_word' id='word_1_80' title='bbox 1052 2156 1087 2214; x_wconf 87' lang='lat' dir='ltr'>et</span> <span class='ocrx_word' id='word_1_81' title='bbox 1101 2150 1286 2233; x_wconf 90' lang='lat' dir='ltr'>Sywardus</span> <span class='ocrx_word' id='word_1_82' title='bbox 1303 2152 1444 2217; x_wconf 84' lang='lat' dir='ltr'>comites</span> <span class='ocrx_word' id='word_1_83' title='bbox 1466 2146 1469 2150; x_wconf 59' lang='grc'><em>’</em></span> 
     </span>
     <span class='ocr_line' id='line_1_14' title="bbox 348 2248 1446 2332; baseline 0.003 -20"><span class='ocrx_word' id='word_1_84' title='bbox 348 2268 426 2312; x_wconf 92' lang='lat' dir='ltr'>cum</span> <span class='ocrx_word' id='word_1_85' title='bbox 444 2249 635 2329; x_wconf 87' lang='lat' dir='ltr'>Egelwino,</span> <span class='ocrx_word' id='word_1_86' title='bbox 659 2248 885 2312; x_wconf 91' lang='lat' dir='ltr'>Dunelmensi</span> <span class='ocrx_word' id='word_1_87' title='bbox 907 2249 1081 2332; x_wconf 90' lang='lat' dir='ltr'>episcopo,</span> <span class='ocrx_word' id='word_1_88' title='bbox 1104 2258 1140 2315; x_wconf 89' lang='lat' dir='ltr'>et</span> <span class='ocrx_word' id='word_1_89' title='bbox 1156 2251 1273 2315; x_wconf 91' lang='lat' dir='ltr'>multis</span> <span class='ocrx_word' id='word_1_90' title='bbox 1295 2252 1446 2315; x_wconf 87' lang='lat' dir='ltr'>millibus</span> 
     </span>
     <span class='ocr_line' id='line_1_15' title="bbox 348 2348 1447 2430; baseline 0.004 -19"><span class='ocrx_word' id='word_1_91' title='bbox 348 2348 549 2412; x_wconf 90' lang='lat' dir='ltr'>clericorum</span> <span class='ocrx_word' id='word_1_92' title='bbox 573 2353 608 2410; x_wconf 89' lang='lat' dir='ltr'>et</span> <span class='ocrx_word' id='word_1_93' title='bbox 630 2348 809 2424; x_wconf 87' lang='lat' dir='ltr'>laicorum,</span> <span class='ocrx_word' id='word_1_94' title='bbox 835 2348 973 2411; x_wconf 88' lang='lat' dir='ltr'>deserta</span> <span class='ocrx_word' id='word_1_95' title='bbox 994 2350 1146 2430; x_wconf 86' lang='lat' dir='ltr'>regionis</span> <span class='ocrx_word' id='word_1_96' title='bbox 1172 2350 1249 2414; x_wconf 88' lang='lat' dir='ltr'>loca</span> <span class='ocrx_word' id='word_1_97' title='bbox 1272 2361 1307 2415; x_wconf 88' lang='lat' dir='ltr'>et</span> <span class='ocrx_word' id='word_1_98' title='bbox 1329 2371 1447 2415; x_wconf 91' lang='lat' dir='ltr'>nemo-</span> 
     </span>
     <span class='ocr_line' id='line_1_16' title="bbox 349 2447 1446 2532; baseline 0.005 -22"><span class='ocrx_word' id='word_1_99' title='bbox 349 2467 429 2510; x_wconf 89' lang='lat' dir='ltr'>rosa</span> <span class='ocrx_word' id='word_1_100' title='bbox 451 2448 636 2528; x_wconf 90' lang='lat' dir='ltr'>petierunt,</span> <span class='ocrx_word' id='word_1_101' title='bbox 665 2447 756 2530; x_wconf 89' lang='lat' dir='ltr'>regis</span> <span class='ocrx_word' id='word_1_102' title='bbox 782 2447 1055 2528; x_wconf 86' lang='lat' dir='ltr'>indignationem</span> <span class='ocrx_word' id='word_1_103' title='bbox 1081 2455 1117 2512; x_wconf 89' lang='lat' dir='ltr'>et</span> <span class='ocrx_word' id='word_1_104' title='bbox 1139 2451 1333 2532; x_wconf 89' lang='lat' dir='ltr'>superbiam</span> <span class='ocrx_word' id='word_1_105' title='bbox 1357 2452 1446 2515; x_wconf 88' lang='lat' dir='ltr'>ferre</span> 
     </span>
     <span class='ocr_line' id='line_1_17' title="bbox 349 2546 1445 2625; baseline 0.005 -16"><span class='ocrx_word' id='word_1_106' title='bbox 349 2566 419 2609; x_wconf 95' lang='lat' dir='ltr'>non</span> <span class='ocrx_word' id='word_1_107' title='bbox 453 2546 610 2610; x_wconf 90' lang='lat' dir='ltr'>valentes</span> <span class='ocrx_word' id='word_1_108' title='bbox 640 2565 702 2609; x_wconf 90' lang='lat' dir='ltr'>nec</span> <span class='ocrx_word' id='word_1_109' title='bbox 727 2546 909 2625; x_wconf 84' lang='lat' dir='ltr'>volentes3</span> <span class='ocrx_word' id='word_1_110' title='bbox 951 2547 1041 2610; x_wconf 90' lang='lat' dir='ltr'>unde</span> <span class='ocrx_word' id='word_1_111' title='bbox 1065 2567 1149 2612; x_wconf 89' lang='lat' dir='ltr'>usus</span> <span class='ocrx_word' id='word_1_112' title='bbox 1178 2549 1320 2614; x_wconf 90' lang='lat' dir='ltr'>inolevit</span> <span class='ocrx_word' id='word_1_113' title='bbox 1344 2559 1384 2615; x_wconf 89' lang='lat' dir='ltr'>ut</span> <span class='ocrx_word' id='word_1_114' title='bbox 1409 2552 1445 2614; x_wconf 92' lang='lat' dir='ltr'>in</span> 
     </span>
     <span class='ocr_line' id='line_1_18' title="bbox 349 2644 1446 2732; baseline 0.005 -24"><span class='ocrx_word' id='word_1_115' title='bbox 349 2644 508 2709; x_wconf 90' lang='lat' dir='ltr'>domibus</span> <span class='ocrx_word' id='word_1_116' title='bbox 525 2645 865 2727; x_wconf 90' lang='lat' dir='ltr'>comprovincialium</span> <span class='ocrx_word' id='word_1_117' title='bbox 888 2665 984 2727; x_wconf 88' lang='lat' dir='ltr'>gesa,</span> <span class='ocrx_word' id='word_1_118' title='bbox 1007 2646 1135 2724; x_wconf 90' lang='lat' dir='ltr'>claves,</span> <span class='ocrx_word' id='word_1_119' title='bbox 1159 2668 1307 2726; x_wconf 79' lang='lat' dir='ltr'>secureS,</span> <span class='ocrx_word' id='word_1_120' title='bbox 1333 2650 1446 2732; x_wconf 90' lang='lat' dir='ltr'>parie-</span> 
     </span>
     <span class='ocr_line' id='line_1_19' title="bbox 350 2744 1447 2833; baseline 0.005 -26"><span class='ocrx_word' id='word_1_121' title='bbox 350 2744 442 2808; x_wconf 90' lang='lat' dir='ltr'>tibus</span> <span class='ocrx_word' id='word_1_122' title='bbox 466 2750 501 2808; x_wconf 90' lang='lat' dir='ltr'>et</span> <span class='ocrx_word' id='word_1_123' title='bbox 522 2744 678 2828; x_wconf 91' lang='lat' dir='ltr'>postibus</span> <span class='ocrx_word' id='word_1_124' title='bbox 702 2745 990 2828; x_wconf 89' lang='lat' dir='ltr'>appenderentur,</span> <span class='ocrx_word' id='word_1_125' title='bbox 1013 2752 1053 2809; x_wconf 90' lang='lat' dir='ltr'>ut</span> <span class='ocrx_word' id='word_1_126' title='bbox 1069 2747 1118 2811; x_wconf 90' lang='lat' dir='ltr'>sic</span> <span class='ocrx_word' id='word_1_127' title='bbox 1135 2766 1157 2811; x_wconf 87' lang='lat' dir='ltr'>a</span> <span class='ocrx_word' id='word_1_128' title='bbox 1174 2748 1330 2831; x_wconf 86' lang='lat' dir='ltr'>profugis</span> <span class='ocrx_word' id='word_1_129' title='bbox 1348 2750 1447 2833; x_wconf 87' lang='lat' dir='ltr'>quasi</span> 
     </span>
    </p>
   </div>
   <div class='ocr_carea' id='block_1_5' title="bbox 347 2845 1455 4415">
    <p class='ocr_par' dir='ltr' id='par_1_5' title="bbox 347 2845 1455 4415">
     <span class='ocr_line' id='line_1_20' title="bbox 352 2845 1447 2927; baseline 0.005 -17"><span class='ocrx_word' id='word_1_130' title='bbox 352 2865 373 2910; x_wconf 86' lang='lat' dir='ltr'>a</span> <span class='ocrx_word' id='word_1_131' title='bbox 403 2845 623 2927; x_wconf 87' lang='lat' dir='ltr'>praedonibus</span> <span class='ocrx_word' id='word_1_132' title='bbox 653 2847 864 2908; x_wconf 85' lang='lat' dir='ltr'>excubantes</span> <span class='ocrx_word' id='word_1_133' title='bbox 885 2845 1159 2911; x_wconf 81' lang='lat' dir='ltr'>defenderentur.</span> <span class='ocrx_word' id='word_1_134' title='bbox 1223 2847 1317 2926; x_wconf 86' lang='lat' dir='ltr'>Quin</span> <span class='ocrx_word' id='word_1_135' title='bbox 1342 2850 1447 2916; x_wconf 91' lang='lat' dir='ltr'>immo</span> 
     </span>
     <span class='ocr_line' id='line_1_21' title="bbox 353 2944 1449 3028; baseline 0.005 -20"><span class='ocrx_word' id='word_1_136' title='bbox 353 2944 581 3021; x_wconf 81' lang='lat' dir='ltr'>Lanlrancus,</span> <span class='ocrx_word' id='word_1_137' title='bbox 603 2945 694 3025; x_wconf 90' lang='lat' dir='ltr'>regis</span> <span class='ocrx_word' id='word_1_138' title='bbox 721 2945 950 3026; x_wconf 90' lang='lat' dir='ltr'>compatriota</span> <span class='ocrx_word' id='word_1_139' title='bbox 979 2952 1014 3010; x_wconf 91' lang='lat' dir='ltr'>et</span> <span class='ocrx_word' id='word_1_140' title='bbox 1038 2947 1198 3028; x_wconf 91' lang='lat' dir='ltr'>specialis</span> <span class='ocrx_word' id='word_1_141' title='bbox 1219 2948 1449 3027; x_wconf 88' lang='lat' dir='ltr'>consiliarius,</span> 
     </span>
     <span class='ocr_line' id='line_1_22' title="bbox 347 3043 1448 3130; baseline 0.006 -23"><span class='ocrx_word' id='word_1_142' title='bbox 347 3044 422 3127; x_wconf 92' lang='lat' dir='ltr'>jam</span> <span class='ocrx_word' id='word_1_143' title='bbox 439 3045 546 3126; x_wconf 87' lang='lat' dir='ltr'>coepit</span> <span class='ocrx_word' id='word_1_144' title='bbox 563 3045 727 3126; x_wconf 88' lang='lat' dir='ltr'>praelatos</span> <span class='ocrx_word' id='word_1_145' title='bbox 740 3043 880 3125; x_wconf 86' lang='lat' dir='ltr'>Angliae</span> <span class='ocrx_word' id='word_1_146' title='bbox 897 3045 978 3110; x_wconf 91' lang='lat' dir='ltr'>licet</span> <span class='ocrx_word' id='word_1_147' title='bbox 995 3054 1135 3111; x_wconf 89' lang='lat' dir='ltr'>sanctos</span> <span class='ocrx_word' id='word_1_148' title='bbox 1148 3053 1183 3110; x_wconf 88' lang='lat' dir='ltr'>et</span> <span class='ocrx_word' id='word_1_149' title='bbox 1196 3047 1273 3110; x_wconf 92' lang='lat' dir='ltr'>Deo</span> <span class='ocrx_word' id='word_1_150' title='bbox 1286 3055 1448 3130; x_wconf 87' lang='lat' dir='ltr'>acceptos</span> 
     </span>
     <span class='ocr_line' id='line_1_23' title="bbox 351 3142 1449 3230; baseline 0.006 -25"><span class='ocrx_word' id='word_1_151' title='bbox 351 3163 414 3223; x_wconf 94' lang='lat' dir='ltr'>pro</span> <span class='ocrx_word' id='word_1_152' title='bbox 434 3142 654 3225; x_wconf 89' lang='lat' dir='ltr'>simplicitate</span> <span class='ocrx_word' id='word_1_153' title='bbox 671 3152 889 3207; x_wconf 89' lang='lat' dir='ltr'>contemnere</span> <span class='ocrx_word' id='word_1_154' title='bbox 907 3151 942 3208; x_wconf 89' lang='lat' dir='ltr'>et</span> <span class='ocrx_word' id='word_1_155' title='bbox 956 3145 1082 3210; x_wconf 93' lang='lat' dir='ltr'>idiotas</span> <span class='ocrx_word' id='word_1_156' title='bbox 1099 3164 1235 3221; x_wconf 88' lang='lat' dir='ltr'>vocare,</span> <span class='ocrx_word' id='word_1_157' title='bbox 1257 3154 1292 3209; x_wconf 92' lang='lat' dir='ltr'>et</span> <span class='ocrx_word' id='word_1_158' title='bbox 1312 3147 1449 3230; x_wconf 90' lang='lat' dir='ltr'>aliquos</span> 
     </span>
     <span class='ocr_line' id='line_1_24' title="bbox 352 3241 1450 3323; baseline 0.005 -18"><span class='ocrx_word' id='word_1_159' title='bbox 352 3242 395 3305; x_wconf 91' lang='lat' dir='ltr'>de</span> <span class='ocrx_word' id='word_1_160' title='bbox 412 3241 603 3306; x_wconf 88' lang='lat' dir='ltr'>literaturae</span> <span class='ocrx_word' id='word_1_161' title='bbox 626 3241 823 3323; x_wconf 82' lang='lat' dir='ltr'>ignorantia</span> <span class='ocrx_word' id='word_1_162' title='bbox 845 3262 1017 3308; x_wconf 89' lang='lat' dir='ltr'>accusare.</span> <span class='ocrx_word' id='word_1_163' title='bbox 1057 3243 1336 3310; x_wconf 78' lang='lat' dir='ltr'>confirmabatur</span> <span class='ocrx_word' id='word_1_164' title='bbox 1352 3266 1450 3311; x_wconf 89' lang='lat' dir='ltr'>nam·</span> 
     </span>
     <span class='ocr_line' id='line_1_25' title="bbox 353 3342 1452 3428; baseline 0.006 -24"><span class='ocrx_word' id='word_1_165' title='bbox 353 3360 420 3423; x_wconf 89' lang='lat' dir='ltr'>que</span> <span class='ocrx_word' id='word_1_166' title='bbox 446 3361 554 3423; x_wconf 88' lang='lat' dir='ltr'>nuper</span> <span class='ocrx_word' id='word_1_167' title='bbox 580 3342 615 3405; x_wconf 89' lang='lat' dir='ltr'>in</span> <span class='ocrx_word' id='word_1_168' title='bbox 638 3342 878 3407; x_wconf 85' lang='lat' dir='ltr'>excellentiam</span> <span class='ocrx_word' id='word_1_169' title='bbox 901 3342 1160 3408; x_wconf 77' lang='lat' dir='ltr'>Canthariensis</span> <span class='ocrx_word' id='word_1_170' title='bbox 1189 3345 1452 3428; x_wconf 87' lang='lat' dir='ltr'>archipraesula-</span> 
     </span>
     <span class='ocr_line' id='line_1_26' title="bbox 353 3440 1451 3518; baseline 0.005 -14"><span class='ocrx_word' id='word_1_171' title='bbox 353 3449 422 3518; x_wconf 89' lang='lat' dir='ltr'>tus,</span> <span class='ocrx_word' id='word_1_172' title='bbox 438 3448 473 3505; x_wconf 92' lang='lat' dir='ltr'>et</span> <span class='ocrx_word' id='word_1_173' title='bbox 489 3440 571 3506; x_wconf 89' lang='lat' dir='ltr'>licet</span> <span class='ocrx_word' id='word_1_174' title='bbox 588 3448 744 3505; x_wconf 87' lang='lat' dir='ltr'>sanctum</span> <span class='ocrx_word' id='word_1_175' title='bbox 760 3463 825 3506; x_wconf 89' lang='lat' dir='ltr'>sua</span> <span class='ocrx_word' id='word_1_176' title='bbox 842 3450 958 3505; x_wconf 87' lang='lat' dir='ltr'>tamen</span> <span class='ocrx_word' id='word_1_177' title='bbox 975 3443 1110 3507; x_wconf 87' lang='lat' dir='ltr'>inflavit</span> <span class='ocrx_word' id='word_1_178' title='bbox 1127 3443 1271 3508; x_wconf 88' lang='lat' dir='ltr'>scientia</span> <span class='ocrx_word' id='word_1_179' title='bbox 1287 3455 1322 3508; x_wconf 92' lang='lat' dir='ltr'>et</span> <span class='ocrx_word' id='word_1_180' title='bbox 1338 3447 1451 3510; x_wconf 87' lang='lat' dir='ltr'>erexit</span> 
     </span>
     <span class='ocr_line' id='line_1_27' title="bbox 354 3540 1452 3627; baseline 0.005 -24"><span class='ocrx_word' id='word_1_181' title='bbox 354 3540 505 3620; x_wconf 82' lang='lat' dir='ltr'>dignitas</span> <span class='ocrx_word' id='word_1_182' title='bbox 522 3540 700 3604; x_wconf 88' lang='lat' dir='ltr'>secularis.</span> <span class='ocrx_word' id='word_1_183' title='bbox 753 3540 909 3620; x_wconf 89' lang='lat' dir='ltr'>Cumque</span> <span class='ocrx_word' id='word_1_184' title='bbox 926 3541 1110 3604; x_wconf 87' lang='lat' dir='ltr'>memorati·</span> <span class='ocrx_word' id='word_1_185' title='bbox 1124 3541 1256 3619; x_wconf 85' lang='lat' dir='ltr'>exules,</span> <span class='ocrx_word' id='word_1_186' title='bbox 1279 3544 1452 3627; x_wconf 89' lang='lat' dir='ltr'>adjunctis</span> 
     </span>
     <span class='ocr_line' id='line_1_28' title="bbox 353 3636 1451 3723; baseline 0.006 -22"><span class='ocrx_word' id='word_1_187' title='bbox 353 3639 419 3701; x_wconf 91' lang='lat' dir='ltr'>sibi</span> <span class='ocrx_word' id='word_1_188' title='bbox 441 3637 703 3721; x_wconf 87' lang='lat' dir='ltr'>quamplurimis</span> <span class='ocrx_word' id='word_1_189' title='bbox 728 3636 891 3719; x_wconf 87' lang='lat' dir='ltr'>injuriam</span> <span class='ocrx_word' id='word_1_190' title='bbox 919 3637 1043 3718; x_wconf 90' lang='lat' dir='ltr'>passis,</span> <span class='ocrx_word' id='word_1_191' title='bbox 1067 3639 1103 3702; x_wconf 91' lang='lat' dir='ltr'>in</span> <span class='ocrx_word' id='word_1_192' title='bbox 1125 3644 1371 3723; x_wconf 89' lang='lat' dir='ltr'>compatriotas</span> <span class='ocrx_word' id='word_1_193' title='bbox 1395 3644 1451 3708; x_wconf 75' lang='lat' dir='ltr'>de</span> 
     </span>
     <span class='ocr_line' id='line_1_29' title="bbox 354 3735 1451 3812; baseline 0.006 -12"><span class='ocrx_word' id='word_1_194' title='bbox 354 3737 547 3812; x_wconf 88' lang='lat' dir='ltr'>saevissent,</span> <span class='ocrx_word' id='word_1_195' title='bbox 580 3743 616 3800; x_wconf 90' lang='lat' dir='ltr'>et</span> <span class='ocrx_word' id='word_1_196' title='bbox 647 3735 774 3799; x_wconf 87' lang='lat' dir='ltr'>damna</span> <span class='ocrx_word' id='word_1_197' title='bbox 814 3736 1087 3803; x_wconf 90' lang='lat' dir='ltr'>irrestaurabilia</span> <span class='ocrx_word' id='word_1_198' title='bbox 1120 3739 1331 3805; x_wconf 89' lang='lat' dir='ltr'>Normannis</span> <span class='ocrx_word' id='word_1_199' title='bbox 1364 3743 1451 3808; x_wconf 86' lang='lat' dir='ltr'>irro-</span> 
     </span>
     <span class='ocr_line' id='line_1_30' title="bbox 354 3834 1452 3917; baseline 0.007 -19"><span class='ocrx_word' id='word_1_200' title='bbox 354 3844 506 3917; x_wconf 88' lang='lat' dir='ltr'>gassent,</span> <span class='ocrx_word' id='word_1_201' title='bbox 533 3834 576 3899; x_wconf 92' lang='lat' dir='ltr'>ad</span> <span class='ocrx_word' id='word_1_202' title='bbox 601 3834 773 3898; x_wconf 89' lang='lat' dir='ltr'>Eliensem</span> <span class='ocrx_word' id='word_1_203' title='bbox 795 3834 942 3899; x_wconf 92' lang='lat' dir='ltr'>insulam</span> <span class='ocrx_word' id='word_1_204' title='bbox 968 3838 1106 3902; x_wconf 87' lang='lat' dir='ltr'>tandem</span> <span class='ocrx_word' id='word_1_205' title='bbox 1131 3839 1310 3904; x_wconf 91' lang='lat' dir='ltr'>venientes</span> <span class='ocrx_word' id='word_1_206' title='bbox 1337 3842 1452 3906; x_wconf 90' lang='lat' dir='ltr'>locum</span> 
     </span>
     <span class='ocr_line' id='line_1_31' title="bbox 353 3934 1452 4023; baseline 0.007 -26"><span class='ocrx_word' id='word_1_207' title='bbox 353 3935 542 3998; x_wconf 90' lang='lat' dir='ltr'>mansionis</span> <span class='ocrx_word' id='word_1_208' title='bbox 574 3941 610 3998; x_wconf 90' lang='lat' dir='ltr'>et</span> <span class='ocrx_word' id='word_1_209' title='bbox 640 3934 765 4016; x_wconf 88' lang='lat' dir='ltr'>refugii</span> <span class='ocrx_word' id='word_1_210' title='bbox 796 3935 867 3998; x_wconf 92' lang='lat' dir='ltr'>illic</span> <span class='ocrx_word' id='word_1_211' title='bbox 899 3934 964 3998; x_wconf 92' lang='lat' dir='ltr'>sibi</span> <span class='ocrx_word' id='word_1_212' title='bbox 997 3937 1194 4019; x_wconf 83' lang='lat' dir='ltr'>elegerunt3</span> <span class='ocrx_word' id='word_1_213' title='bbox 1234 3939 1294 4021; x_wconf 90' lang='lat' dir='ltr'>qui</span> <span class='ocrx_word' id='word_1_214' title='bbox 1325 3942 1452 4023; x_wconf 88' lang='lat' dir='ltr'>saepius</span> 
     </span>
     <span class='ocr_line' id='line_1_32' title="bbox 355 4033 1452 4111; baseline 0.007 -15"><span class='ocrx_word' id='word_1_215' title='bbox 355 4034 451 4097; x_wconf 91' lang='lat' dir='ltr'>illinc</span> <span class='ocrx_word' id='word_1_216' title='bbox 471 4033 642 4098; x_wconf 88' lang='lat' dir='ltr'>hostiliter</span> <span class='ocrx_word' id='word_1_217' title='bbox 672 4041 851 4111; x_wconf 85' lang='lat' dir='ltr'>exeuntes,</span> <span class='ocrx_word' id='word_1_218' title='bbox 874 4034 961 4098; x_wconf 90' lang='lat' dir='ltr'>duce</span> <span class='ocrx_word' id='word_1_219' title='bbox 978 4035 1194 4101; x_wconf 89' lang='lat' dir='ltr'>Herewardo</span> <span class='ocrx_word' id='word_1_220' title='bbox 1217 4038 1292 4101; x_wconf 93' lang='lat' dir='ltr'>viro</span> <span class='ocrx_word' id='word_1_221' title='bbox 1314 4040 1452 4104; x_wconf 92' lang='lat' dir='ltr'>nobilis-</span> 
     </span>
     <span class='ocr_line' id='line_1_33' title="bbox 355 4134 1452 4218; baseline 0.007 -22"><span class='ocrx_word' id='word_1_222' title='bbox 355 4134 442 4197; x_wconf 92' lang='lat' dir='ltr'>simo</span> <span class='ocrx_word' id='word_1_223' title='bbox 468 4141 503 4197; x_wconf 88' lang='lat' dir='ltr'>et</span> <span class='ocrx_word' id='word_1_224' title='bbox 520 4134 556 4197; x_wconf 92' lang='lat' dir='ltr'>in</span> <span class='ocrx_word' id='word_1_225' title='bbox 579 4134 683 4197; x_wconf 89' lang='lat' dir='ltr'>armis</span> <span class='ocrx_word' id='word_1_226' title='bbox 706 4134 955 4211; x_wconf 90' lang='lat' dir='ltr'>strenuissimo,</span> <span class='ocrx_word' id='word_1_227' title='bbox 974 4142 1084 4200; x_wconf 89' lang='lat' dir='ltr'>totum</span> <span class='ocrx_word' id='word_1_228' title='bbox 1100 4135 1192 4216; x_wconf 88' lang='lat' dir='ltr'>regis</span> <span class='ocrx_word' id='word_1_229' title='bbox 1214 4155 1360 4218; x_wconf 91' lang='lat' dir='ltr'>regnum</span> <span class='ocrx_word' id='word_1_230' title='bbox 1383 4160 1452 4204; x_wconf 92' lang='lat' dir='ltr'>non</span> 
     </span>
     <span class='ocr_line' id='line_1_34' title="bbox 357 4232 1453 4320; baseline 0.006 -25"><span class='ocrx_word' id='word_1_231' title='bbox 357 4232 574 4297; x_wconf 91' lang='lat' dir='ltr'>mediocriter</span> <span class='ocrx_word' id='word_1_232' title='bbox 595 4232 804 4314; x_wconf 89' lang='lat' dir='ltr'>affligebant.</span> <span class='ocrx_word' id='word_1_233' title='bbox 846 4232 1008 4297; x_wconf 86' lang='lat' dir='ltr'>Castrum</span> <span class='ocrx_word' id='word_1_234' title='bbox 1026 4254 1163 4317; x_wconf 90' lang='lat' dir='ltr'>quoque</span> <span class='ocrx_word' id='word_1_235' title='bbox 1177 4234 1343 4315; x_wconf 89' lang='lat' dir='ltr'>ligneum,</span> <span class='ocrx_word' id='word_1_236' title='bbox 1361 4239 1453 4320; x_wconf 93' lang='lat' dir='ltr'>quod</span> 
     </span>
     <span class='ocr_line' id='line_1_35' title="bbox 356 4332 1455 4415; baseline 0.006 -21"><span class='ocrx_word' id='word_1_237' title='bbox 356 4351 464 4413; x_wconf 91' lang='lat' dir='ltr'>usque</span> <span class='ocrx_word' id='word_1_238' title='bbox 499 4332 600 4395; x_wconf 90' lang='lat' dir='ltr'>hodie</span> <span class='ocrx_word' id='word_1_239' title='bbox 634 4332 814 4397; x_wconf 87' lang='lat' dir='ltr'>castellum</span> <span class='ocrx_word' id='word_1_240' title='bbox 846 4333 1051 4397; x_wconf 90' lang='lat' dir='ltr'>Herewardi</span> <span class='ocrx_word' id='word_1_241' title='bbox 1081 4340 1312 4415; x_wconf 90' lang='lat' dir='ltr'>nuncupatur,</span> <span class='ocrx_word' id='word_1_242' title='bbox 1338 4336 1374 4400; x_wconf 90' lang='lat' dir='ltr'>in</span> <span class='ocrx_word' id='word_1_243' title='bbox 1400 4340 1455 4401; x_wconf 88' lang='lat' dir='ltr'>sui</span> 
     </span>
    </p>
   </div>
   <div class='ocr_carea' id='block_1_6' title="bbox 731 4553 1085 4618">
    <p class='ocr_par' dir='ltr' id='par_1_6' title="bbox 731 4553 1085 4618">
     <span class='ocr_line' id='line_1_36' title="bbox 731 4553 1085 4618; baseline 0.003 -14"><span class='ocrx_word' id='word_1_244' title='bbox 731 4553 740 4586; x_wconf 90' lang='lat'>¹</span> <span class='ocrx_word' id='word_1_245' title='bbox 758 4556 790 4604; x_wconf 85' lang='lat' dir='ltr'>In</span> <span class='ocrx_word' id='word_1_246' title='bbox 801 4571 879 4617; x_wconf 79' lang='lat' dir='ltr'>marg.</span> <span class='ocrx_word' id='word_1_247' title='bbox 890 4556 931 4605; x_wconf 89' lang='lat' dir='ltr'>vel</span> <span class='ocrx_word' id='word_1_248' title='bbox 942 4555 1085 4618; x_wconf 83' lang='lat' dir='ltr'>adoptivus.</span> 
     </span>
    </p>
   </div>
   <div class='ocr_carea' id='block_1_7' title="bbox 0 0 1718 5625">
    <p class='ocr_par' dir='ltr' id='par_1_7' title="bbox 0 0 1718 5625">
     <span class='ocr_line' id='line_1_37' title="bbox 0 0 1718 5625; baseline 0 0"><span class='ocrx_word' id='word_1_249' title='bbox 0 0 1718 5625; x_wconf 95' lang='lat' dir='ltr'> </span> 
     </span>
    </p>
   </div>
  </div>
 </body>
</html>
