3384 5625
339 760 383 824 74

353 899 409 935 Pac.
432 898 484 935 ΠΝ.

342 962 415 1037 299,
432 963 485 1035 13,
502 967 530 1023 et
543 958 667 1024 clericos

340 1120 391 1129 -
435 1086 489 1158 28,
505 1082 603 1148 clario

340 1243 392 1252 —
436 1210 490 1283 35,
505 1228 662 1272 remantem

341 1333 416 1408 300,
436 1332 488 1408 10,
505 1330 614 1416 lapelee
629 1378 638 1395 .
655 1379 663 1394 .
682 1379 691 1395 .

503 1429 541 1494 de
557 1431 670 1495 niuacio

342 1589 393 1599 -
437 1555 489 1629 23,
506 1551 611 1617 debeat
615 1575 691 1639 pro-

506 1653 608 1716 cedere

340 1777 415 1851 301,
456 1776 488 1851 6,
502 1776 563 1840 erit
583 1776 688 1861 picei»

507 1884 574 1938 tum
634 1876 692 1941 od·

502 1976 678 2039 oocooeriui

341 2099 417 2175 301,
435 2098 489 2174 26,
505 2097 565 2163 loci

339 2258 391 2268 —
436 2218 488 2297 27,
505 2242 578 2306 quos

341 2348 414 2421 305,
455 2341 484 2421 7,
502 2345 656 2430 arehiepi-

491 2464 578 2528 scopae

339 3004 391 3013 —
436 2969 488 3044 14,
507 2965 569 3029 ioco

341 3092 414 3165 309,
434 3091 486 3166 24,
501 3088 564 3153 aiot
580 3087 614 3151 ia

503 3187 624 3273 Aeolio

339 3348 390 3358 —
434 3315 486 3391 25,
502 3310 611 3375 amodo
629 3360 637 3374 .
656 3359 689 3391 .,

507 3410 610 3475 redire

342 3534 415 3609 311,
435 3530 490 3611 17,
504 3553 610 3597 nomen

341 3756 418 3829 313,
455 3757 486 3829 2,
504 3754 658 3838 episcopm

341 3912 392 3922 -
436 3878 489 3952 21,
505 3873 680 3961 subjapaoit

342 4399 415 4473 314,
454 4401 483 4472 5,
502 4393 664 4459 archidia-

506 4515 614 4558 auum

718 775 921 824 nnc‘rlouus
948 774 1084 825 VARI&

742 959 797 1026 vel
811 961 902 1023 inter
917 959 1025 1024 laicos
1041 966 1077 1024 et
1093 958 1247 1024 clericos.

741 1083 831 1147 deaei.

743 1207 1001 1271 remanentiam.

741 1329 871 1413 legales
886 1331 928 1395 de
945 1332 1102 1396 Insuero.

742 1553 879 1655 debebit
893 1552 1042 1636 procedi.

741 1773 858 1837 denam.

741 2090 829 2155 deest.

740 2221 830 2297 post.

741 2339 834 2403 addit
865 2337 991 2417 Paris„
1021 2338 1196 2405 Defuncto
1235 2340 1444 2421 Octaviano,

765 2438 985 2502 Frethericus
1003 2440 1108 2504 alium
1126 2441 1315 2506 substituit.
1363 2438 1444 2507 Hoc

764 2557 855 2601 anno
877 2537 1036 2603 dedicata
1057 2546 1110 2603 est
1125 2539 1220 2622 prius
1238 2541 1384 2605 ecclenia
1400 2542 1444 2606 de

763 2637 925 2719 Radinge
959 2640 1003 2702 ab
1035 2638 1152 2703 eodem
1184 2639 1443 2724 archiepiscopo

763 2737 910 2815 Thoma,
931 2746 1103 2821 praesente
1120 2758 1202 2823 rege
1219 2746 1255 2803 et
1270 2741 1442 2825 episcopis

762 2838 891 2901 decem.

740 3083 896 3168 praecise.

739 3310 859 3369 amant
878 3351 886 3368 .
904 3351 913 3369 .
933 3350 941 3368 .
958 3302 1112 3369 redeant.

739 3527 815 3590 The
837 3524 915 3590 MS.
944 3526 1033 3608 Reg.
1056 3525 1119 3589 has
1148 3545 1193 3590 on
1218 3524 1276 3590 the
1303 3527 1440 3609 margin

761 3631 772 3659 ‘
784 3624 927 3689 naevus.5

739 3745 827 3810 deest.

739 3869 831 3933 adiit
849 3869 974 3947 Paria,
995 3868 1193 3953 Eodemque
1219 3889 1311 3936 anno
1336 3879 1438 3937 terrae

760 3977 876 4033 motus
901 3968 1014 4033 factus
1039 3977 1092 4033 est
1119 3978 1244 4035 octavo
1270 3969 1438 4036 kalendas

764 4069 944 4134 Februarii
971 4070 1007 4133 in
1040 4069 1107 4152 Ely
1134 4077 1169 4134 et
1195 4069 1380 4135 Northfolc
1404 4080 1440 4137 et

762 4169 903 4247 Suffoic,
917 4170 967 4234 ita
982 4169 1074 4252 quod
1098 4177 1231 4235 stantes
1250 4172 1441 4253 prostravit

762 4277 798 4333 et
813 4289 1000 4353 campanas
1015 4269 1180 4353 pulsavit.

738 4395 825 4459 deaei.
