3384 5625
294 760 360 825 300
671 775 871 823 uuc'rronus
895 776 1028 824 vaura.

294 958 356 1021 Eis
370 964 485 1021 autem
502 955 561 1038 qui
584 975 652 1020 nou
675 958 712 1019 in
734 958 890 1039 personis
913 956 1060 1039 propriis
1077 956 1159 1020 illuc
1176 958 1396 1036 accesserint,

295 1057 356 1120 sed
377 1058 413 1120 in
431 1055 502 1120 suis
519 1058 692 1120 duntaxat
709 1058 872 1138 expensis
891 1057 997 1140 juxta
1012 1056 1211 1120 facultatem
1232 1066 1267 1121 et
1286 1075 1396 1139 quan-

295 1157 430 1220 titatem
448 1176 548 1219 suam
563 1156 657 1220 viros
679 1156 820 1220 idoneos
843 1155 1103 1232 destinaverint,
1126 1163 1161 1219 et
1182 1156 1251 1219 illis
1277 1156 1397 1220 simili-

295 1263 360 1333 ter,
378 1256 449 1338 qui,
467 1255 548 1319 licet
564 1255 600 1318 in
623 1255 743 1318 alienis
762 1256 936 1337 expensis,
958 1255 992 1318 in
1016 1256 1163 1336 propriis
1180 1263 1294 1319 tamen
1317 1276 1395 1337 per-

293 1356 387 1419 sonis
416 1356 635 1430 accesserint,
669 1355 806 1437 plenam
836 1374 977 1418 suorum
1008 1355 1226 1417 concedimus
1257 1356 1394 1419 veniam

295 1461 528 1538 peccatorum.
574 1453 692 1536 Hujus
707 1473 844 1536 quoque
862 1453 1072 1517 remissionis
1089 1454 1246 1517 volumus
1262 1462 1296 1517 et
1314 1473 1394 1518 con-

295 1555 447 1617 cedimus
471 1573 547 1618 esse
576 1554 774 1635 participes
794 1554 901 1637 juxta
927 1554 1154 1634 quantitatem
1187 1554 1329 1616 subsidii
1359 1561 1394 1618 et

296 1653 489 1718 devotionis
516 1652 686 1730 affectum,
711 1653 907 1734 omnesqui
928 1653 972 1715 ad
999 1654 1258 1735 subventionem
1284 1654 1393 1734 ipsius

296 1759 397 1818 terrae
428 1754 470 1817 de
497 1753 597 1816 bonis
628 1752 700 1816 suis
728 1771 879 1833 congrue
913 1752 1167 1816 ministrabunt.
1221 1752 1394 1815 Personas

296 1872 433 1934 qnoque
460 1853 612 1935 ipsorum
642 1859 678 1915 et
704 1852 807 1927 bona,
835 1871 879 1914 ex
905 1871 974 1932 quo
997 1871 1130 1915 crucem
1158 1859 1395 1934 susceperunt,

295 1953 359 2015 sub
376 1952 469 2015 beati
489 1951 585 2014 Petri
602 1957 637 2014 et
654 1957 773 2014 nostra
789 1952 1002 2031 protectione
1025 1952 1241 2032 suscipimus
1261 1970 1393 2014 necnon

295 2059 331 2115 et
349 2051 469 2115 eadem
495 2052 559 2113 sub
581 2049 915 2132 archiepiscoporum
940 2056 975 2114 et
996 2050 1147 2113 omnium
1173 2050 1394 2131 praelatorum

294 2151 448 2214 ecclesiae
465 2150 531 2213 Dei
544 2150 740 2213 defensione
757 2150 968 2227 consistant;
996 2155 1200 2225 statuentes,
1218 2156 1268 2226 ut,
1285 2150 1393 2214 donec

294 2249 337 2312 de
359 2250 511 2331 ipsorum
533 2248 628 2312 obitu
645 2248 700 2312 vel
721 2249 832 2311 reditu
858 2248 1046 2311 certissime
1076 2256 1315 2328 cognoscatur,
1344 2250 1394 2311 in-

293 2357 393 2428 tegra
408 2355 571 2411 maneant
587 2355 622 2410 et
637 2366 759 2409 secura
778 2348 982 2410 consistant.
1037 2346 1146 2410 Porro
1169 2348 1393 2412 ecclesiarum

293 2446 441 2529 praelati,
457 2446 514 2528 qni
530 2446 566 2507 in
581 2444 775 2507 exhibenda
787 2444 927 2527 justitia
944 2463 1045 2506 cruce
1060 2446 1206 2525 signatis
1224 2451 1391 2509 eteorum

294 2545 434 2610 familiis
459 2544 672 2625 negligentes
690 2543 898 2619 exstiterint,
916 2542 1027 2606 sciant
1048 2562 1085 2606 se
1113 2545 1266 2624 graviter
1293 2547 1392 2625 puni-

295 2645 413 2709 endos.
466 2643 569 2723 Quod
586 2643 617 2705 si
639 2643 821 2725 quisquam
844 2642 1016 2705 contraire
1039 2644 1307 2724 praesumpserit,
1331 2664 1393 2724 per

294 2744 516 2813 ecclesiarum
547 2742 723 2826 praelatos,
756 2741 987 2825 appellatione
1014 2743 1220 2825 postposita,
1248 2761 1395 2808 censura

295 2844 528 2909 ecclesiastica
551 2849 799 2924 compescatur.
852 2842 889 2905 Si
913 2842 971 2922 qui
995 2862 1076 2905 vero
1104 2843 1392 2923 proficiscentium

294 2944 377 3007 illuc
398 2943 442 3006 ad
465 2944 680 3025 praestandas
704 2959 826 3004 usuras
843 2941 1043 3024 juramento
1071 2947 1230 3005 tenentur
1248 2944 1392 3021 astricti,

296 3043 482 3106 creditores
506 3060 624 3103 eorum
644 3059 706 3121 per
725 3039 945 3102 ecclesiarum
964 3040 1139 3120 praelatoS,
1157 3049 1197 3104 ut
1214 3043 1392 3108 remittant

297 3142 346 3204 eis
377 3140 569 3222 praestitum
596 3139 832 3222 juramentum
864 3144 899 3201 et
931 3139 975 3202 ab
1004 3158 1185 3202 usurarum
1212 3143 1393 3206 exactione

295 3240 476 3315 desistant,
491 3238 609 3302 eadem
624 3238 841 3319 praecipimus
857 3237 1071 3302 districtione
1086 3239 1254 3321 compelli.
1290 3238 1392 3318 Quod

297 3340 328 3403 si
358 3339 540 3421 quisquam
574 3337 780 3400 creditorum
819 3355 879 3400 eos
917 3336 961 3401 ad
1000 3337 1207 3403 solutionem
1241 3341 1393 3420 coegerit

296 3458 490 3512 usurarum,
512 3456 589 3500 eum
612 3436 656 3499 ad
678 3435 930 3500 restitutionem
948 3455 1064 3499 earum
1088 3437 1190 3500 simili
1216 3438 1293 3517 cogi
1318 3439 1393 3501 ani·

297 3539 534 3601 madversiono
559 3536 783 3614 mandamus3
816 3535 839 3598 J
844 3534 960 3600 udacos
989 3555 1071 3600 vero
1096 3536 1140 3599 ad
1171 3537 1392 3601 remittendas

298 3637 383 3719 ipsis
399 3654 523 3699 usuras
541 3655 603 3717 per
617 3634 816 3699 saecularem
832 3634 989 3716 compelli
1004 3636 1222 3717 praecipimus
1240 3643 1394 3717 potesta·

301 3741 392 3810 tem;
425 3742 471 3810 et,
505 3735 613 3796 donec
643 3732 711 3795 illis
744 3734 948 3808 remiserint,
983 3735 1026 3796 ab
1060 3735 1228 3797 universis
1264 3734 1393 3799 Christi

297 3831 467 3906 fidelibus
487 3831 612 3894 tamin
628 3830 857 3893 mercimoniis
875 3849 977 3911 quam
1001 3832 1036 3894 in
1059 3832 1148 3909 aliis,
1171 3853 1231 3915 per
1255 3853 1393 3896 excom·

298 3928 539 3993 manicationis
563 3929 768 3992 sententiam
797 3929 846 3992 eis
872 3931 1010 3994 omnino
1037 3935 1230 3996 communio
1249 3933 1395 4015 denege-

300 4038 367 4095 tur.
431 4028 512 4092 Hiis
538 4047 634 4105 vero,
666 4028 888 4111 quiJudaeis
917 4029 1033 4102 debita
1062 4031 1197 4096 solvere
1218 4041 1394 4115 nequeunt

298 4131 332 4192 in
355 4129 530 4212 praesenti,
555 4129 605 4192 sic
627 4129 799 4210 principes
820 4129 1004 4192 saeoulares
1026 4130 1103 4193 utili
1130 4131 1294 4195 dilatione
1319 4151 1394 4213 pro

298 4230 450 4306 videant,
472 4228 562 4312 quod
584 4234 664 4310 post
688 4228 755 4291 iter
775 4234 961 4309 arreptum,
979 4248 1157 4311 usquequo
1175 4230 1217 4294 de
1242 4231 1394 4312 ipsorum

300 4328 396 4391 obitu
421 4328 477 4390 vel
502 4327 614 4391 reditu
638 4327 826 4391 certissime
851 4337 1090 4408 cognoscatur,
1120 4349 1301 4393 usurarum
1327 4350 1396 4394 non

297 4427 473 4489 incurrant
486 4426 723 4506 incommoda;
750 4427 935 4509 compulsis
953 4427 1086 4492 Judaeis
1109 4437 1296 4511 proventus
1318 4430 1394 4512 pig-

275 4541 433 4602 norum,
463 4544 549 4606 quos
578 4525 712 4589 interim
745 4534 982 4608 perceperunt,
1015 4528 1051 4591 in
1076 4535 1202 4591 sortem
1231 4529 1392 4611 expensis
