3384 5625
695 757 899 804 unctiones
923 758 1063 805 VARIAE.

378 934 473 998 sense
492 935 590 998 illum
611 934 774 1000 ducentes
792 937 934 1013 abillis,
956 938 1017 1019 qui
1038 943 1153 1001 castro
1176 943 1362 1018 praeerant,
1381 936 1435 999 in·

379 1054 535 1116 gressum
561 1035 765 1116 postulant;
799 1036 865 1102 hoc
890 1037 981 1101 enim
1008 1036 1137 1100 domini
1161 1037 1216 1099 sui
1242 1035 1343 1109 velle,
1370 1035 1435 1111 hoc

380 1153 496 1214 regem
514 1134 689 1198 absentem
703 1134 838 1218 jubere,
855 1136 985 1200 dicunt.
1039 1136 1150 1200 Erant
1166 1142 1281 1198 autem
1301 1142 1383 1197 tunc
1399 1135 1435 1196 in

381 1240 495 1296 castro
509 1233 569 1297 illo
584 1234 695 1297 omnis
711 1234 781 1297 fere
790 1236 987 1318 juventutis
1003 1233 1143 1316 Angliae
1158 1242 1194 1297 et
1208 1232 1435 1297 Normanniae

382 1332 557 1406 nobilitas,
581 1340 652 1396 tres
678 1333 809 1398 scilicet
835 1335 896 1398 filii
918 1335 1053 1399 comitis
1082 1333 1225 1415 Rogeri,
1252 1340 1287 1395 et
1308 1332 1436 1396 Eusta-

384 1431 481 1494 chius
506 1450 621 1494 comes
643 1432 811 1496 Bononiae
834 1433 964 1517 junior,
991 1453 1069 1497 cum
1093 1434 1170 1496 aliis
1194 1431 1323 1507 multiS,
1349 1450 1436 1513 quos

383 1531 620 1613 praetermitto.
673 1530 732 1594 Illi
750 1552 844 1610 vero,
868 1534 929 1616 qui
950 1534 986 1596 in
1006 1539 1121 1597 castro
1143 1537 1254 1606 erant,
1272 1550 1317 1593 ex
1337 1549 1435 1594 muro

383 1630 644 1711 prospicientes
657 1631 791 1694 vultum
809 1632 963 1715 episcopi
979 1652 1056 1695 cum
1074 1632 1220 1693 militum
1237 1629 1350 1694 verbis
1368 1649 1437 1692 non

383 1730 566 1793 convenire
588 1730 827 1811 percipientes
854 1733 950 1795 ocius
973 1732 1101 1814 apertis
1121 1730 1233 1795 valvis
1256 1735 1436 1805 exeuntes,

385 1846 503 1891 omnes
517 1846 593 1890 cum
610 1829 773 1911 episcopo
790 1831 917 1895 milites
934 1832 1047 1912 regios
1057 1832 1093 1894 in
1108 1828 1287 1893 castellum
1302 1828 1438 1892 vinctos

337 1983 341 1991 .
386 1926 565 1990 reducunt.
616 1926 705 1991 Cum
731 1937 846 1992 autem
873 1950 989 1994 rumor
1014 1930 1098 1993 facti
1121 1928 1226 2012 hujus
1255 1927 1298 1991 ad
1325 1927 1439 2008 regias

386 2044 488 2089 aures
518 2026 743 2107 pervenisset,
772 2048 834 2092 rex
863 2028 915 2091 ira
936 2028 1170 2093 infiammatus
1196 2025 1438 2108 stipendiarios

386 2123 513 2187 milites
535 2144 617 2189 suos
637 2123 771 2207 Anglos
791 2135 993 2210 congregat,
1018 2136 1053 2193 ct
1072 2129 1202 2210 absque
1222 2145 1318 2189 mora
1338 2133 1377 2189 ut
1394 2124 1438 2187 ad

388 2223 601 2287 obsidionem
632 2227 785 2303 veniant,
815 2228 927 2311 jubet,
961 2229 1027 2292 nisi
1056 2227 1165 2292 velint
1203 2226 1268 2288 sub
1304 2226 1439 2288 nomine

388 2322 581 2405 ‘Nithing,'
607 2325 700 2406 quod
735 2325 862 2390 Latine
894 2324 1074 2409 ‘nequam’
1108 2332 1221 2401 sonat,
1256 2324 1437 2387 recenseri.

389 2421 508 2504 Angli,
539 2424 598 2504 qui
633 2423 717 2487 nihil
749 2426 1029 2491 contumeliosius
1060 2433 1095 2490 et
1128 2425 1232 2490 vilius
1266 2424 1441 2487 aestimant

388 2540 492 2603 quam
514 2521 965 2610 hujusmodi‚ignominioso
981 2524 1151 2591 vocabulo
1177 2523 1302 2599 notari,
1329 2532 1440 2586 cater-

389 2621 496 2686 vatim
511 2621 555 2685 ad
570 2642 685 2705 regem
701 2624 927 2703 confluentes,
939 2626 1098 2707 ingentes
1111 2624 1229 2705 copias
1244 2621 1441 2686 conficiunt.

390 2722 533 2785 Obsessi
545 2731 660 2786 autem
672 2724 863 2806 longiorem
876 2726 1088 2789 obsidionem
1102 2723 1190 2787 serre
1207 2742 1276 2785 non
1287 2722 1442 2784 valentes

390 2822 571 2885 castellum
589 2823 662 2904 regi
680 2824 911 2890 reddiderunt.
964 2826 1041 2889 Odo
1058 2825 1177 2906 itaque
1194 2823 1376 2906 episcopus
1392 2841 1443 2884 se

391 2921 502 2984 cundo
516 2928 638 3004 eaptus
656 2921 819 3004 Angliam
837 2932 1004 3007 perpetuo
1021 2923 1208 3007 abjuravit.
1248 2921 1443 3003 Episcopus

393 3019 648 3098 Dunelmensis,
676 3040 699 3084 a
726 3042 808 3104 rege
840 3030 1021 3106 praetentae
1048 3021 1208 3086 amicitiae
1238 3020 1446 3084 verecundia

391 3119 496 3183 ducto
526 3120 612 3182 liber
646 3122 740 3184 abire
771 3124 972 3204 permissus,
1005 3123 1096 3186 illico
1122 3122 1160 3185 in
1194 3119 1444 3183 Normanniam

392 3218 640 3283 transfretavit.
687 3220 825 3299 Caeteri,
851 3222 919 3286 fide
947 3223 1042 3300 data,
1072 3219 1203 3285 dimissi
1231 3225 1325 3283 sunt.
1376 3218 1443 3282 Sed

390 3317 482 3381 inter
506 3317 569 3381 has
595 3319 782 3384 obsidionis
804 3342 919 3386 moras
941 3322 1089 3386 ministri
1110 3321 1202 3402 regis
1218 3337 1311 3382 mare
1331 3326 1444 3382 custo·

393 3417 526 3482 dientes
559 3419 739 3501 quosdam,
771 3442 860 3504 quos
894 3422 966 3486 dux
1000 3422 1176 3486 Robertus
1209 3418 1244 3480 in
1277 3417 1446 3480 auxilium

392 3518 567 3599 praedictis
592 3520 733 3584 miserat
761 3520 1005 3596 desertoribus,
1032 3518 1158 3603 partim
1187 3515 1292 3591 caede,
1322 3516 1447 3597 partim

392 3612 586 3696 naufragio,
606 3626 874 3700 oppresserunt3
897 3615 1046 3701 ‘quorum
1072 3616 1213 3700 quidam
1234 3614 1354 3696 fugam
1375 3635 1446 3678 me-

392 3714 555 3790 ditantes,
573 3733 616 3776 ne
634 3716 705 3780 vivi
727 3725 945 3797 caperentur,
966 3717 1062 3781 'ultro
1090 3735 1165 3780 sese
1182 3714 1347 3778 'fiuctibus
1369 3715 1447 3778 sub

392 3819 594 3876 merserunt.

340 3951 398 3988 PAG.
434 3951 487 3988 uu.

341 4014 393 4090 35,
456 4014 486 4090 6,
494 4034 586 4098 popa
743 4016 966 4081 constituitur
981 4035 1085 4099 papa.

339 4173 391 4186 --
457 4134 487 4214 7,
496 4158 591 4222 pcpae
742 4141 832 4206 decet.

338 4297 390 4311 --
435 4261 486 4336 14,
505 4250 705 4420 to‘tue'pgllcres¹
744 4272 878 4330 tantam
894 4266 1028 4349 copiam
1045 4283 1122 4328 esse
1137 4262 1334 4327 credideris.

504 4379 524 4420 o
630 4379 662 4421 ro

340 4519 391 4531 -
436 4484 487 4558 15,
503 4502 589 4641 σαπῖ.
604 4527 611 4543 .
626 4503 691 4545 ‚oe
745 4485 895 4550 fustibus
912 4494 946 4551 et
959 4486 1093 4551 baculis
1111 4486 1270 4567 arreptis

503 4580 553 4642 uic
571 4588 626 4641 aot
