3384 5625
298 766 365 832 W
669 779 869 829 inarmans
896 780 1029 831 viarm.

302 908 359 944 ΡΛΘ.
394 907 444 945 UH·

305 966 358 1047 73,
395 971 448 1045 35,
452 966 651 1053 predictas..
699 968 901 1051 praedictam
929 965 1178 1030 Saracenorum
1212 964 1405 1059 mnititudi·

466 1067 642 1132 Oltrntiono
722 1086 799 1131 nem
817 1064 1036 1131 Christianis.

305 1190 356 1269 75,
420 1195 450 1269 5,
467 1189 604 1257 Octobris
700 1189 793 1254 addit
811 1188 936 1266 Paris,
955 1188 1039 1270 Ipso
1054 1206 1190 1270 quoque
1208 1206 1299 1251 anno
1316 1186 1406 1251 Wil-

722 1289 857 1366 lelmus,
882 1289 925 1351 de
954 1295 1085 1351 sanctae
1108 1286 1231 1350 Mariae
1255 1286 1402 1350 ecclesia

724 1386 954 1453 Londinensis
987 1387 1182 1469 episcopus,
1215 1386 1406 1467 resignavit

723 1496 846 1571 sponte
866 1488 1101 1570 episcopatum
1125 1485 1284 1549 suumin
1312 1504 1405 1549 cras-

724 1588 797 1651 tino
843 1587 1077 1651 conversionis
1130 1586 1243 1649 sancti
1289 1584 1403 1648 Pauli.

725 1687 933 1750 Eustachius
960 1686 1003 1749 de
1024 1686 1297 1766 Faucnmberge,
1319 1690 1401 1748 tunc

725 1787 889 1851 scaccarii
919 1784 1163 1861 thesaurarius,
1196 1784 1319 1866 quinto
1345 1803 1402 1847 ca·

724 1886 843 1950 lendas
875 1885 996 1948 Martii
1025 1886 1061 1948 in
1088 1884 1287 1967 episcopum
1309 1883 1402 1947 Lon-

724 1986 899 2049 dinensem
922 1984 1082 2065 eligitur3
1108 1983 1208 2067 cujus
1230 1983 1353 2047 electio
1379 2003 1401 2047 a

724 2086 841 2166 legato
870 2083 1075 2164 Pandulpbo
1102 2083 1335 2159 confirmatur,
1368 2089 1403 2146 et

724 2185 872 2267 septimo
895 2183 1057 2247 calendas
1074 2181 1160 2245 Maii
1179 2182 1271 2264 apud
1285 2181 1401 2246 West-

724 2284 970 2348 monasterium
1005 2287 1236 2345 consecratur.
1299 2278 1403 2345 Anno

725 2383 843 2447 eodem
865 2381 1015 2446 cessavit
1040 2381 1168 2462 legatio
1194 2379 1401 2463 Pandulpbi,

724 2482 800 2565 ipso
816 2481 964 2545 Romam
980 2486 1180 2544 revertente.
1226 2479 1401 2543 Henricus

724 2600 787 2645 rex
813 2580 907 2643 dedit
923 2579 1141 2655 Alexandro,
1164 2580 1237 2661 regi
1260 2579 1399 2657 Scotiae,

723 2680 746 2744 J
749 2680 921 2745 channam
945 2699 1096 2743 sororem
1118 2698 1216 2742 suam
1234 2679 1402 2742 seniorem

724 2781 761 2844 in
781 2799 936 2856 uxorem,
954 2798 1032 2861 quae
1055 2778 1265 2860 desponsata
1281 2778 1347 2844 fuit
1364 2779 1401 2842 in

724 2881 875 2943 crastino
902 2878 1015 2942 sancti
1033 2877 1056 2941 J
1060 2878 1205 2942 ohannis
1230 2880 1401 2961 Baptistae

724 2979 815 3061 apud
828 2978 1034 3053 Eboracum,
1052 2984 1087 3041 et
1103 2979 1331 3060 praesentibus
1351 2979 1403 3060 ip-

723 3078 770 3140 sis
793 3077 932 3157 regibus
952 3084 1034 3139 sunt
1056 3079 1185 3160 nuptiae
1204 3077 1402 3142 solemniter

722 3176 924 3255 celebratae3
965 3176 1145 3240 Hubertus
1186 3196 1324 3260 quoque
1357 3177 1407 3242 de

723 3275 840 3357 Burgo
869 3296 1021 3340 sororem
1051 3275 1134 3339 dicti
1159 3277 1250 3357 regis
1274 3277 1399 3340 Seotiae

720 3376 757 3439 in
771 3376 849 3458 ipsa
864 3376 1005 3440 civitate
1023 3374 1232 3439 Eboracensi
1247 3375 1349 3440 duxit
1363 3376 1399 3439 in

721 3495 876 3538 uxorem.
929 3474 1012 3557 Ipso
1037 3494 1174 3557 quoque
1198 3494 1290 3539 anno
1314 3475 1400 3539 obiit

719 3574 915 3638 Willelmus
939 3574 981 3637 de
1006 3571 1186 3650 Albeneio,
1213 3593 1328 3639 comes
1356 3575 1399 3638 de

725 3671 893 3748 Arundei,
915 3673 950 3735 in
970 3673 1127 3754 partibus
1148 3673 1399 3752 transmarinis,

719 3789 741 3833 a
768 3769 935 3834 Damiata
961 3772 1118 3851 rediens3
1146 3773 1244 3857 cujus
1271 3792 1396 3855 corpus

717 3887 779 3951 per
799 3868 969 3933 Thomam
989 3870 1194 3936 monachum
1214 3871 1256 3936 de
1273 3880 1396 3938 sancto

719 3965 857 4032 Albano
879 3969 914 4032 in
941 3967 1106 4052 Angliam
1128 3977 1397 4054 transportatur,

717 4067 810 4149 apud
838 4068 1082 4133 Wimundham
1121 4071 1233 4134 sancti
1270 4068 1398 4135 Albani

717 4168 920 4249 prioratum,
935 4169 1035 4251 cujus
1057 4169 1131 4250 ipse
1148 4188 1263 4233 comes
1278 4176 1397 4251 patro-

716 4285 782 4329 nus
810 4267 935 4343 suerat,
963 4268 1213 4333 tumulandum.
1266 4268 1396 4334 Eusta-

700 4364 824 4455 ,cbius,
838 4365 1065 4430 Londinensis
1083 4368 1276 4450 episcopus,
1294 4370 1396 4451 petiit

715 4465 760 4525 ab
790 4465 916 4530 abbate
946 4464 1122 4531 Willelmo
1155 4475 1191 4532 et
1221 4475 1394 4532 conventu

713 4561 1077 4629 westmonasteriensi
1126 4567 1393 4649 processionem,
