3384 5625
300 776 366 841 222
670 786 872 836 nscnronns
899 786 1031 835 venire.

303 916 362 953 PAO.
400 914 453 952 111⁸.

301 980 353 1053 42,
413 978 445 1050 2,
462 974 582 1040 sabboti
703 975 794 1039 deest.

301 1102 354 1176 43,
415 1101 445 1177 2,
462 1099 650 1164 seriore...
702 1119 821 1164 verum
838 1117 976 1183 quoque
998 1105 1157 1163 asserunt
1176 1118 1253 1164 eum
1278 1098 1324 1162 ad
1344 1118 1413 1164 cae-

462 1199 641 1264 discredunt
727 1199 798 1263 lum
814 1198 1023 1263 ascendisse.

301 1326 354 1399 44,
415 1327 445 1400 3,
462 1325 637 1408 confusione
702 1322 869 1405 periculo.

301 1487 352 1497 -
398 1446 450 1519 12,
464 1446 611 1509 Hernaens
704 1446 888 1511 Henricus

301 1569 356 1644 46,
415 1571 447 1645 5,
460 1578 622 1633 vevenerint
705 1573 740 1636 Ο.
753 1572 892 1648 inserts,
906 1570 1060 1635 ‘Eodem
1073 1590 1164 1636 anno
1178 1570 1339 1636 dedicata
1355 1579 1410 1637 est

725 1671 870 1735 ecclesia
898 1679 1028 1735 sanctae
1054 1670 1177 1737 Mariae
1202 1670 1409 1751 Wigorniae,

726 1778 761 1834 et
778 1790 903 1852 corpus
919 1769 1060 1851 gloriosi
1075 1770 1227 1853 episcopi
1242 1769 1409 1850 Wlstani,

726 1870 954 1952 praesentibus
977 1870 1149 1953 episcopis
1175 1878 1212 1934 et
1235 1872 1409 1952 magnati-

726 1969 801 2043 bus,
816 1988 903 2050 quos
916 1969 1131 2033 dinumerare
1146 1969 1287 2051 longum
1301 1977 1405 2048 esset,

726 2067 933 2131 translatum
954 2078 1007 2133 est
1034 2088 1103 2133 uno
1130 2075 1166 2132 et
1193 2069 1313 2132 eodem
1341 2069 1407 2148 die,

725 2169 872 2249 septimo
896 2168 973 2231 idus
993 2167 1016 2231 J
1019 2168 1103 2244 unii,
1126 2168 1227 2231 litera
1247 2168 1406 2232 Domini-

726 2267 792 2329 cali
811 2266 871 2343 G,
885 2266 1046 2331 videlicet
1063 2267 1118 2332 die
1133 2266 1156 2330 J
1160 2267 1234 2331 ovis
1249 2266 1284 2330 in
1298 2268 1407 2350 septi-

726 2365 1071 2444 manaPenteoosteS,
1082 2365 1288 2449 praesidente
1297 2366 1407 2431 eidem

726 2463 882 2528 eeclesiae
924 2464 1092 2530 Silvestre
1132 2466 1307 2548 episcopo,
1345 2466 1408 2529 ali·

726 2564 866 2645 quando
900 2565 1026 2646 priore,
1063 2564 1217 2647 ejusdcm
1251 2564 1406 2629 ecclesiae

726 2663 907 2739 monacho,
940 2669 975 2726 et
1000 2664 1119 2728 divisae
1144 2672 1226 2727 sunt
1252 2664 1407 2748 reliquiae

726 2771 765 2827 nt
776 2764 887 2844 magis
896 2769 1037 2827 sanctus
1046 2763 1252 2828 venerabilis
1267 2762 1406 2828 habere

726 2871 794 2926 tur.
831 2862 968 2926 collata
985 2871 1039 2926 est
1047 2862 1202 2926 ecclesiae
1213 2870 1311 2927 costa
1322 2883 1403 2940 una,

726 2980 830 3042 quam
862 2969 1058 3025 reverenter
1086 2981 1171 3025 auro
1198 2969 1233 3025 et
1261 2970 1405 3044 argento

726 3060 833 3122 abbas
862 3059 1014 3124 ecclesiae
1039 3061 1151 3127 sancti
1173 3058 1301 3124 Albani
1318 3061 1406 3126 Wil-

725 3158 849 3222 lelmus
878 3159 1072 3224 collocavit.
1126 3158 1241 3224 Gualo
1263 3161 1407 3225 recessit

726 3260 770 3322 ab
791 3256 933 3340 Anglia,
957 3259 1101 3323 tendens
1129 3259 1290 3336 Romam,
1315 3261 1407 3324 circa

727 3357 853 3422 festum
870 3359 982 3422 sancti
1000 3357 1162 3423 Andreae.
1200 3357 1407 3436 Pendulfus,

727 3456 962 3521 Norwicensis
1003 3458 1146 3536 electus,
1177 3459 1345 3522 successit
1377 3459 1408 3522 ei

726 3557 761 3618 in
778 3551 997 3636 legationem.
1048 3556 1128 3621 Rex
1146 3556 1321 3621 Henricus
1338 3564 1408 3622 ter-

726 3655 795 3717 tius
815 3656 991 3738 proprium
1012 3656 1164 3738 sigillum
1189 3657 1321 3739 regium
1349 3657 1410 3721 ob-

726 3752 854 3815 tinuit!

299 3921 350 3932 —
417 3881 446 3955 6,
465 3877 635 3962 apostolice
702 3875 821 3940 desunt.

464 3977 544 4041 sedis

299 4141 350 4152 -
394 4106 445 4181 14,
461 4104 592 4188 ejnsdm
703 4101 823 4167 (144444.

466 4204 603 4268 civitatis

299 4367 351 4378 -
394 4322 448 4398 17,
460 4335 531 4409 post
547 4347 649 4390 mre·
703 4330 738 4387 et
763 4323 913 4389 Londini
938 4324 1029 4408 apud
1058 4324 1199 4390 Novum
1225 4324 1409 4408 Templum

465 4426 580 4488 mansit
725 4422 911 4487 honorifice
929 4424 1132 4500 tumulatur,
1143 4424 1287 4500 scilicet,
1305 4425 1341 4486 in
1355 4445 1408 4488 eo-

725 4523 843 4600 clesia,
865 4524 901 4587 in
917 4521 1142 4588 Ascensionis
1162 4523 1229 4601 die,
1247 4523 1410 4589 videlicet
