3384 5625
669 794 869 841 LEGTIONES
893 793 1023 841 VARiAE.

294 919 350 955 PAG.
387 918 438 954 [ΙΝ.

294 983 345 1055 50,
385 982 439 1054 20,
453 978 515 1057 Qaa’
518 977 665 1061 protinas
699 977 843 1042 Deinde.

294 1144 345 1155 -
387 1104 438 1177 22,
453 1100 579 1184 impulit
697 1098 839 1164 dedidit.

295 1268 346 1279 -
387 1229 440 1303 23,
455 1226 645 1289 orationi...
697 1227 923 1291 orationibus.

459 1325 599 1389 insistens

295 1487 346 1501 —
388 1451 442 1522 25,
455 1448 490 1511 ia
505 1455 625 1510 tantam
697 1446 795 1511 adeo.

294 1610 347 1622 -
389 1573 440 1647 29,
456 1570 629 1633 incurreret
696 1590 850 1652 praesens
866 1569 1044 1635 imminere
1059 1570 1249 1636 videbatur.

295 1732 346 1743 -
388 1695 441 1770 32,
457 1690 647 1757 ad...dodat
698 1696 850 1758 membra
866 1695 1067 1791 reponebat.

298 1817 350 1891 51,
411 1818 443 1890 1,
458 1814 619 1899 obiqooato
697 1823 778 1899 post
794 1818 943 1899 priorem
959 1818 1184 1899 Egelwinum.

506 1914 648 1997 dafaoaeto

297 2076 348 2090 —
411 2040 442 2113 4,
453 2037 648 2122 qaedam·
699 2055 768 2117 quo
798 2034 909 2100 officio
935 2044 975 2099 nt
999 2036 1055 2117 pie
1085 2054 1162 2098 cum
1189 2033 1293 2099 lande
1324 2054 1402 2118 per·

460 2136 640 2200 narrationis
722 2134 931 2215 fungeretur,
950 2135 1074 2218 prioris
1091 2135 1186 2197 vitae.

296 2298 349 2310 -
405 2257 651 2342 7,maitipiieiter
698 2258 804 2322 variis
822 2258 932 2321 modis
948 2259 1059 2322 anxit.

448 2358 616 2441 ampliavit

299 2517 347 2528 -
412 2485 443 2558 9,
455 2481 647 2563 pardem
702 2476 856 2539 unanimi
881 2496 1065 2554 consensu,
1092 2484 1163 2541 tam
1191 2476 1273 2541 cleri
1298 2496 1402 2559 quam

455 2589 612 2663 pastorem
724 2576 832 2639 totius
884 2577 1007 2658 plebis,
1054 2595 1135 2657 rege
1180 2576 1321 2658 insuper
1363 2583 1404 2639 ut

723 2693 825 2755 quem
856 2674 986 2738 vellent
1017 2675 1083 2738 sibi
1115 2674 1282 2755 eligerent
1313 2694 1406 2759 praef

721 2771 833 2837 sulem
863 2780 899 2837 et
924 2775 1113 2838 animarum
1138 2781 1311 2855 pastorem
1341 2793 1403 2837 an·

723 2880 863 2950 ruente,
881 2875 916 2936 in
939 2875 1137 2956 episcopum
1160 2872 1312 2956 ejusdem
1335 2871 1403 2935 loci

722 2972 871 3052 eligitur.
1388 2967 1390 2970 ’

299 3137 351 3149 -
396 3097 449 3172 17,
464 3120 533 3162 ema
698 3093 787 3160 deest.

299 3255 349 3268 -
393 3225 445 3298 18,
457 3222 652 3288 decollationi
701 3218 891 3300 periculum
905 3219 1028 3300 capitis
1046 3219 1252 3283 subitorum.

451 3370 459 3385 .
473 3369 500 3384 ..
517 3323 590 3386 oolla

300 3480 351 3494 .-
393 3446 447 3518 20,
463 3447 627 3510 ommim
701 3454 961 3500 consensurum.

300 3603 351 3617 ..
394 3569 446 3643 21,
463 3569 542 3632 viris
561 3617 568 3632 ,
588 3617 596 3633 ,
614 3614 649 3633 ,,
703 3560 770 3643 piis
798 3561 882 3624 viris
907 3567 943 3624 et
970 3560 1174 3624 venerandis
1198 3558 1403 3640 hominibus

459 3669 607 3750 potuisset
723 3660 920 3740 frequenter
935 3660 1000 3722 hac
1022 3660 1064 3723 de
1084 3679 1190 3724 cansa
1211 3661 1405 3742 interpella-

724 3766 830 3834 retur,
854 3778 965 3840 neque
988 3759 1032 3822 ad
1054 3759 1120 3822 hoo
1142 3759 1256 3823 induci
1282 3761 1325 3824 ab
1350 3761 1404 3826 his

722 3859 903 3939 potuisset.

300 4021 352 4033 -
393 3983 446 4057 26,
463 3981 639 4065 increpatas
699 3980 938 4062 reprehensus

300 4140 352 4155 —-
395 4107 446 4181 34,
461 4126 621 4188 snspensas
702 4121 828 4185 opopa
840 4122 1030 4184 suspensus
1047 4122 1069 4167 a
1085 4102 1223 4168 divinis.

465 4225 487 4265 a
503 4253 511 4270 .
527 4250 534 4264 .
548 4251 555 4264 .
562 4225 653 4287 popo

301 4367 351 4377 -
394 4326 446 4401 36,
465 4334 564 4388 torreo
704 4324 887 4389 Wistanus
901 4331 1029 4389 tamen.

302 4451 355 4524 52,
396 4449 654 4533 10‚proreripsis·
703 4449 976 4532 proscripsit...
996 4450 1218 4532 mancipavit.

464 4557 506 4611 oet
517 4594 538 4610 ..
548 4596 555 4609 .
566 4570 652 4611 moa-

465 4648 593 4729 adportat
