3384 5625
666 785 866 834 Lsscrlortsss
889 788 1020 835 VARlAE.

304 911 361 948 PAO.
385 912 435 948 un.

293 976 370 1051 355,
386 975 439 1051 32,
459 971 614 1038 Soltwodo
680 971 871 1039 Saltiunde.

294 1109 368 1182 358,
386 1106 644 1183 10,Eeonioneem
682 1102 927 1167 Oxoniensem.

293 1278 344 1290 -
388 1234 441 1313 37,
456 1236 552 1301 oculis
683 1235 847 1299 ecclesiis.

296 1369 371 1446 360,
404 1369 646 1451 2‚qai0antiurn
680 1366 867 1431 unwan-ln
880 1365 1111 1433 theodae.
1121 1366 1199 1432 MS.
1209 1366 1277 1430 this
1291 1368 1397 1430 inser·

460 1478 609 1532 navamus
620 1517 645 1533 ..
720 1466 805 1543 tion,
821 1486 861 1529 as
879 1466 937 1530 the
953 1465 1082 1541 otham,
1096 1468 1125 1530 is
1136 1468 1272 1531 written
1283 1487 1328 1531 on
1340 1467 1398 1529 the

462 1566 612 1631 celebrare
720 1567 855 1647 margin
867 1565 901 1627 in
910 1563 1021 1628 Paris’
1034 1585 1112 1630 own
1124 1567 1231 1630 hand:
1245 1565 1398 1645 ‘Quibus

719 1684 796 1727 cum
817 1665 1099 1728 comminationes
1118 1666 1399 1747 multiplicarent,

720 1764 996 1846 obtemperavit3
1020 1764 1170 1827 nondum
1191 1766 1280 1827 enim
1304 1766 1398 1828 venit

719 1862 805 1925 hora
830 1863 915 1945 ejus.
969 1861 1106 1926 Moram
1136 1864 1243 1944 igitur
1270 1864 1400 1927 faciens

718 1961 852 2043 aliquot
865 1961 987 2024 diebus
1005 1962 1097 2044 apud
1115 1961 1264 2025 Harwes
1280 1983 1397 2026 mane-

718 2062 806 2123 rium
831 2080 945 2136 suum,
969 2061 1059 2142 quod
1075 2061 1181 2125 distat
1199 2082 1220 2125 a
1241 2063 1399 2126 coenobio

718 2160 812 2223 beati
834 2158 964 2222 Albani
986 2159 1123 2223 circiter
1145 2170 1275 2242 septem
1299 2161 1401 2223 milli-

719 2260 849 2333 aribus,
866 2258 913 2321 ibi
934 2260 1095 2340 pausavit
1115 2259 1245 2323 faciens
1262 2260 1399 2323 festum.

721 2356 752 2421 0
778 2358 959 2440 sapientia,
980 2378 1043 2421 nec
1065 2359 1171 2422 ullam
1188 2359 1309 2423 faciem
1329 2368 1400 2422 tur-

720 2456 834 2520 bidam
869 2456 1018 2520 ostendit
1048 2457 1123 2540 ipse
1153 2459 1284 2522 athleta
1308 2457 1398 2522 Dei!

722 2554 788 2618 Cui
811 2576 888 2618 eum
922 2556 1028 2619 abbas
1063 2558 1172 2621 sancti
1205 2556 1333 2621 Albani
1364 2560 1400 2621 in

722 2655 908 2717 esculentis
934 2662 969 2718 et
987 2655 1180 2737 poculentis
1204 2657 1317 2719 nobile
1340 2657 1402 2720 mi·

721 2755 823 2817 sisset
845 2754 997 2831 xenium,
1018 2755 1209 2835 regratians
1232 2756 1399 2838 archiepi-

722 2873 849 2937 scopus
883 2853 972 2917 dixit
1004 2854 1090 2918 satis
1120 2854 1279 2933 civiliter,
1308 2854 1401 2919 ‘Ac-

723 2954 813 3034 cipio
829 2953 905 3036 ejus
922 2953 1137 3036 praesentias
1154 2954 1189 3018 id
1206 2962 1260 3019 est
1276 2955 1400 3034 xenia3

724 3053 860 3116 mallem
893 3061 1009 3116 tamen
1039 3053 1283 3133 praesentiam!
1335 3054 1401 3119 Cui

723 3152 880 3214 minister
894 3152 982 3234 ejus,
1000 3150 1179 3230 ‘Domina
1198 3172 1277 3217 ecce
1295 3173 1402 3236 appa-

723 3257 777 3313 ret
791 3251 931 3313 veniens
948 3251 983 3314 in
1000 3250 1152 3314 foribus!
1205 3251 1271 3316 Cui
1285 3272 1403 3317 occur-

725 3349 771 3410 rit
780 3346 1059 3429 archiepiscopus
1074 3369 1184 3431 usque
1201 3351 1245 3415 ad
1263 3352 1401 3415 ostium.

725 3445 835 3510 Venit
865 3446 954 3508 enim
986 3447 1100 3510 dictus
1132 3449 1250 3525 abbas,
1284 3448 1402 3513 Simon

724 3545 872 3622 nomine,
902 3553 937 3608 et
968 3553 1106 3628 recepto
1139 3565 1181 3610 eo
1215 3547 1251 3611 in
1285 3549 1404 3613 osculo

725 3644 922 3708 habuerunt
954 3645 1081 3709 multas
1112 3646 1170 3709 diu
1205 3646 1404 3711 confabula-

725 3743 848 3809 tiones,
899 3744 1033 3808 Deinde
1055 3745 1157 3827 petiit
1178 3746 1405 3829 archiepisco-

723 3863 789 3926 pus
801 3844 973 3920 abbatem,
987 3853 1027 3907 ut
1035 3843 1102 3907 iret
1114 3845 1156 3908 ad
1170 3845 1406 3911 Woodstocke

723 3942 768 4005 ad
793 3942 958 4025 juvenem
983 3962 1111 4023 regem,
1138 3943 1404 4029 admoneretque

724 4040 895 4118 dulcibus,
907 4042 1031 4124 quibus
1045 4042 1279 4108 abundaverat
1294 4044 1404 4109 effica-

723 4139 834 4216 cibuS,
855 4140 1080 4214 sermonibus,
1104 4147 1143 4203 ut
1157 4142 1303 4222 rigorem
1324 4163 1405 4206 con-

724 4239 1004 4319 ceptumleniret.
1037 4237 1287 4322 Obtemperans
1298 4242 1406 4323 igitur

724 4338 833 4402 abbas
851 4338 964 4419 ipsum
982 4338 1068 4401 adiit
1084 4338 1307 4419 festinantem
1334 4343 1404 4420 sed,

724 4456 803 4500 cum
824 4437 909 4501 nihil
931 4437 997 4502 nisi
1024 4441 1219 4522 superbiam
1241 4450 1276 4506 et
1293 4441 1404 4525 indig-

724 4537 899 4602 nationem
935 4538 1115 4617 inveniret,
1147 4540 1248 4605 rediit
1279 4542 1404 4606 infecto
