3384 5625
658 776 944 826 muuouuculou'.
1303 781 1354 826 XV

254 960 484 1026 defensionem
507 965 786 1024 construxerunt.
837 959 919 1024 Jam
938 961 1081 1045 jamque
1103 981 1183 1024 cum
1200 963 1353 1026 cruentis

256 1060 413 1142 suspiriis
444 1060 695 1143 poenituerunt,
733 1060 829 1143 prius
867 1059 1146 1125 Normannorum
1185 1063 1355 1143 superbiae

256 1170 442 1243 antequam
464 1161 567 1223 urbes
589 1166 625 1222 et
641 1167 757 1223 castra
778 1169 1008 1242 occupassent
1030 1160 1148 1224 taliter
1169 1180 1238 1223 non
1258 1162 1355 1224 resti-

254 1262 351 1336 tisse,
385 1279 503 1323 omnes
537 1257 692 1340 profecto
725 1259 768 1322 de
802 1260 867 1323 sub
903 1260 989 1323 caelo
1021 1259 1257 1338 delevissent3
1295 1260 1355 1323 sed

256 1379 375 1422 eorum
409 1357 656 1441 promissiones
692 1358 860 1436 subdolae,
895 1368 930 1423 et
960 1360 1066 1423 verba
1102 1370 1205 1441 super
1243 1359 1356 1423 oleum

256 1457 390 1522 mollita
411 1470 446 1521 et
463 1477 567 1540 super
588 1457 643 1520 lac
666 1458 808 1534 mellita,
825 1457 1020 1540 Anglorum
1042 1458 1259 1524 credulorum
1275 1479 1358 1524 oon-

256 1557 419 1621 stantiam
435 1564 697 1621 enervaverunt
743 1557 938 1639 Divulgato
955 1567 1070 1622 autem
1084 1558 1282 1642 hujusmodi
1302 1579 1359 1623 ru·

258 1676 365 1733 more,
400 1677 463 1720 rex
493 1656 703 1733 WillelmuS,
732 1656 880 1720 bellator
911 1658 1143 1734 cautissimus
1173 1665 1358 1741 antequam

259 1755 363 1838 bujus
385 1755 650 1837 conspirationis
673 1775 836 1819 uumerus
855 1757 960 1820 robur
976 1766 1010 1819 et
1028 1757 1176 1820 radicem
1194 1758 1228 1819 in
1250 1757 1358 1820 altum

259 1855 481 1936 germinando
499 1855 663 1931 mitteret,
681 1854 795 1918 nullas
812 1875 927 1919 moras
948 1864 1147 1932 annectens,
1164 1865 1357 1921 convocata

260 1954 367 2018 totius
391 1954 603 2019 fortitudinis
633 1973 706 2018 suae
731 1955 925 2032 nobilitate,
951 1955 996 2018 ad
1025 1956 1173 2019 insulam
1201 1958 1357 2039 pervenit

260 2062 496 2131 memoratam,
519 2062 555 2118 et
568 2055 680 2137 ipsam
695 2054 825 2131 navali,
847 2054 1010 2137 pedestri,
1037 2063 1073 2118 et
1088 2056 1240 2137 equestri
1262 2075 1359 2119 exer-

259 2155 332 2216 citu
361 2154 613 2230 circumcinxit,
641 2141 845 2236 magnisque
882 2155 1038 2217 trabibus
1072 2164 1107 2219 et
1135 2154 1240 2218 ramis
1276 2174 1358 2219 oon·

261 2253 474 2317 craticulatis
496 2253 532 2315 in
555 2254 703 2317 marisco
727 2260 763 2316 et
783 2253 1011 2317 harundineto
1029 2253 1104 2317 vias
1126 2253 1221 2335 prius
1246 2254 1358 2318 invias

262 2352 399 2433 pervias
425 2352 575 2416 reddidit
588 2359 624 2416 et
640 2353 911 2428 transmeabiles,
936 2372 1123 2435 omnesque
1150 2353 1215 2416 sibi
1241 2354 1360 2417 adver-

261 2459 380 2514 santes
401 2451 518 2514 multis
542 2452 670 2534 praeliis
692 2460 728 2515 et
747 2452 946 2528 assultibus,
965 2471 1111 2534 quorum
1127 2452 1241 2517 varios
1258 2472 1359 2517 casus

262 2550 401 2631 longum
426 2559 518 2614 esset
534 2550 735 2624 describere,
755 2551 891 2614 tandem
909 2551 1072 2614 edomuit.
1125 2550 1358 2616 Herewardus

261 2656 378 2713 tamen
401 2650 612 2731 comperiens
637 2649 754 2713 hostes
781 2669 862 2714 suos
885 2650 1004 2713 diatim
1031 2650 1097 2713 sibi
1120 2649 1278 2714 nocivum
1308 2652 1358 2715 in-

263 2759 471 2814 crementum
506 2750 692 2833 suscipere,
725 2750 913 2833 assumptis
940 2768 1056 2814 secum
1086 2748 1256 2814 sociorum
1280 2770 1360 2815 suo·

263 2870 339 2913 rum
355 2850 559 2931 praeelectis,
569 2869 696 2914 cuneos
708 2849 923 2914 inimicorum
934 2869 1073 2914 suorum
1086 2851 1359 2932 pertranseundo

263 2956 422 3031 potenter
453 2951 659 3031 penetravit,
687 2957 721 3013 et
751 2950 949 3014 ceciderunt
975 2950 1019 3014 ab
1045 2969 1086 3014 eo
1118 2948 1276 3032 dissipati
1305 2951 1359 3014 vel

246 3050 344 3125 ⁷caesi
369 3068 391 3112 a
419 3049 551 3113 dextris
575 3058 611 3113 et
643 3048 803 3127 sinistris,
831 3055 867 3113 et
900 3049 943 3113 ad
969 3049 1119 3114 Scotiam
1153 3049 1359 3131 quantocius

265 3148 442 3228 avolavit3
485 3149 575 3212 unde
608 3147 719 3212 adhuc
754 3149 873 3214 Scotia
902 3169 980 3213 cum
1010 3150 1111 3212 terris
1138 3148 1204 3212 sibi
1228 3157 1361 3213 conter-

265 3249 366 3311 minis
389 3248 564 3330 primitivo
592 3248 755 3311 nobilium
780 3247 975 3330 Anglorum
1000 3247 1168 3330 sanguine
1193 3268 1361 3331 purpura·

266 3356 330 3411 tur.
384 3347 528 3411 Residui
553 3367 644 3424 vero,
669 3347 729 3428 qui
757 3347 794 3410 in
819 3347 935 3410 insula
959 3348 1193 3424 morabantur,
1223 3347 1361 3411 tandem

264 3446 358 3528 capti
385 3445 440 3511 vel
474 3454 597 3529 sponte
631 3465 707 3509 sese
738 3446 813 3528 regi
840 3452 1151 3528 praesentaverunt,
1183 3446 1361 3526 quodlibet

263 3546 469 3628 supplicium
485 3545 528 3610 ad
545 3546 724 3609 arbitrium
740 3545 816 3628 ejus
831 3543 987 3608 subituri.
1029 3543 1261 3608 Herewardus
1279 3563 1360 3609 vero

265 3664 342 3708 cum
361 3646 433 3708 suis
448 3645 672 3726 complicibus
694 3645 766 3726 regi
789 3644 953 3727 quamdiu
970 3644 1059 3710 vixit
1074 3643 1238 3708 damnose
1260 3644 1362 3708 nimis

265 3753 299 3808 et
314 3742 498 3807 efficaciter
513 3744 773 3810 adversabatur.

394 3909 463 3972 Res
484 3908 656 3974 Willclmos
672 3909 751 3995 repis
769 3908 929 3972 Scotorum
943 3906 1119 3992 domaqium
1135 3908 1221 3992 cepit.

316 4039 420 4104 Anno
453 4039 595 4103 Domini
629 4057 781 4104 unxxu.
812 4059 876 4102 rex
904 4037 1099 4103 Willelmus
1129 4038 1292 4116 Scotiam,
1323 4060 1362 4104 eo

266 4139 358 4222 quod
383 4139 514 4202 nobiles
542 4137 681 4222 Angliae
709 4137 893 4202 indomitos
921 4143 1171 4219 receptaverat,
1194 4138 1364 4204 hostiliter

266 4241 436 4320 impetens
470 4239 623 4320 speravit
649 4238 775 4302 ibidem
805 4237 941 4319 aliquos
966 4237 1008 4301 de
1033 4235 1191 4300 hostibus
1219 4238 1292 4301 suis
1311 4239 1364 4302 in·

266 4336 408 4416 venire;
444 4337 505 4401 sed
536 4338 620 4419 ipsis
648 4338 685 4400 in
716 4338 869 4402 locorum
900 4335 1044 4401 desertis
1076 4335 1295 4401 latitantibus
1329 4346 1364 4402 ct

266 4437 473 4520 quandoque
495 4437 661 4520 impetum
684 4437 720 4500 in
748 4436 970 4501 Normannos
997 4436 1123 4518 raptim
1146 4436 1364 4514 facientibus,

266 4557 344 4601 cum
374 4556 444 4601 non
467 4544 585 4619 posset
610 4537 704 4620 ipsos
734 4542 894 4619 patenter
922 4536 1116 4612 convenire,
1142 4535 1223 4601 licet
1251 4537 1366 4600 omnia
