3384 5625
636 783 836 830 nncrronns
860 779 993 832 verrin.
1323 767 1367 831 85

260 963 446 1046 prudenter
462 970 645 1048 superatus
662 965 729 1029 fuit
747 984 769 1028 a
786 965 864 1029 Deo
888 974 923 1030 et
940 965 1077 1029 homine
1095 965 1234 1029 Christo
1256 965 1279 1029 J
1281 985 1363 1046 esu3

261 1071 299 1127 ut
315 1066 416 1146 quasi
438 1064 546 1129 frater
562 1065 606 1128 ab
628 1064 766 1129 bomine
783 1073 970 1143 amaretur,
987 1073 1022 1130 et
1036 1066 1136 1147 quasi
1154 1066 1251 1130 Deus
1267 1067 1365 1128 time-

262 1171 365 1228 retur.
419 1164 592 1228 Caeterum
609 1166 840 1228 necessarium
857 1165 935 1242 fuit,
955 1171 995 1228 ut
1012 1164 1070 1228 ille
1096 1164 1199 1239 idem,
1220 1165 1279 1246 qui
1300 1184 1363 1227 nos

262 1264 402 1340 creavit,
428 1272 464 1327 et
489 1283 553 1327 nos
579 1271 770 1344 recrearet3
797 1265 857 1346 qui
885 1284 948 1328 nos
973 1264 1067 1340 fecit,
1091 1264 1288 1327 redimendo
1312 1284 1364 1327 re-

259 1362 376 1426 ficeret
401 1383 443 1426 ac
468 1363 622 1444 perditos
643 1371 842 1445 repararet3
865 1383 908 1427 ne
930 1383 1037 1426 unum
1060 1363 1172 1427 Deum
1197 1372 1362 1445 tanquam

259 1470 448 1526 creatorem
467 1462 699 1543 obligaremur
722 1463 879 1540 adorare,
900 1470 935 1527 et
951 1464 1058 1527 alium
1078 1464 1186 1527 veluti
1208 1464 1363 1546 redemp-

260 1567 369 1625 torem
384 1562 540 1625 venerari
565 1570 769 1638 teneremur,
792 1569 828 1626 et
842 1563 894 1626 ita
915 1563 1048 1626 duobus
1073 1562 1233 1626 Dominis
1253 1563 1364 1625 famu·

259 1660 334 1723 lari.
388 1662 433 1724 Et
451 1661 544 1743 quod
566 1661 688 1738 Filius,
711 1681 780 1724 non
804 1661 923 1738 Pater,
940 1681 1010 1725 non
1031 1661 1180 1744 Spiritus
1203 1662 1363 1737 SanctuS,

259 1760 508 1837 incarnaretur,
540 1779 679 1824 necesse
721 1760 787 1823 fuit
820 1768 856 1824 et
889 1762 1122 1840 conveniens3
1157 1760 1238 1842 quia
1273 1760 1363 1823 Filio

262 1860 445 1923 assimilari
468 1861 689 1942 praesumpsit
713 1859 826 1936 bomo,
849 1860 981 1923 scilicet
1005 1858 1131 1935 Adam,
1151 1860 1309 1940 aspirans
1329 1868 1364 1922 et

260 1958 380 2022 volens
396 1959 483 2022 scire
500 1959 628 2022 bonum
646 1967 681 2023 et
698 1960 826 2022 malum
843 1967 883 2023 ut
901 1960 1010 2022 Deus,
1048 1958 1242 2022 Videbatur
1257 1959 1364 2039 igitur

264 2057 374 2122 Filius
393 2077 468 2122 esse
489 2058 525 2120 in
548 2077 663 2134 causa,
683 2059 774 2122 sicut
797 2060 966 2123 sanctitas
988 2057 1076 2121 Abel
1102 2058 1240 2121 invidiae
1265 2057 1364 2135 Cain,

262 2164 297 2220 et
326 2157 376 2220 sic
403 2158 523 2221 mortis
551 2158 670 2239 ipsius.
723 2157 825 2222 Dixit
853 2159 960 2239 igitur
987 2158 1096 2220 Filius
1123 2159 1223 2239 quasi
1249 2165 1367 2221 noster

263 2252 515 2338 Jonas,f·quum
538 2256 600 2333 ait,
617 2258 718 2339 ‘Ego
745 2277 822 2321 sum
851 2258 909 2339 qui
938 2258 1091 2341 peccavi,
1120 2257 1278 2340 projicite
1310 2277 1365 2320 me

261 2356 296 2417 in
315 2352 430 2418 mare?
482 2356 563 2419 Non
585 2355 710 2421 sufficit
735 2358 825 2421 exile
844 2358 1048 2421 sacrificium
1071 2365 1105 2421 et
1126 2356 1365 2420 holocaustum

262 2454 305 2517 ad
334 2454 423 2519 tanti
448 2455 599 2533 sceleriS,
621 2456 712 2539 quod
744 2464 945 2538 patraverat
977 2456 1091 2533 homo,
1120 2457 1365 2538 expiationem.

262 2554 376 2617 ‘Ecce
393 2554 505 2632 venio,
523 2574 588 2636 ego
605 2555 678 2638 ipse
695 2558 805 2632 venio,
825 2558 907 2638 quia
924 2558 959 2618 in
977 2557 1090 2639 capite
1105 2556 1182 2618 libri
1200 2556 1366 2637 scriptum

262 2660 315 2716 est
330 2653 372 2716 de
389 2674 455 2731 me,
472 2662 510 2718 ut
524 2654 671 2717 facerem
688 2655 902 2718 voluntatem
920 2663 1035 2732 tuam;
1059 2673 1138 2717 ecce
1157 2654 1278 2716 adsum
1301 2656 1364 2715 im-

261 2752 463 2818 morandus!
516 2752 659 2831 Iterum,
682 2753 713 2816 si
737 2761 874 2818 tantum
898 2755 1087 2835 negotium,
1110 2752 1241 2817 scilicet
1257 2752 1366 2816 homi-

263 2854 316 2916 nis
341 2852 545 2934 redemptio,
570 2855 694 2934 angelo
717 2855 1000 2930 committeretur,
1023 2873 1092 2917 non
1115 2860 1207 2915 esset
1226 2860 1364 2931 tutum;

263 2953 345 3034 quia
368 2952 403 3014 in
422 2952 583 3016 Lucifero
607 2954 769 3036 superbia
792 2953 953 3035 angelum
976 2952 1123 3016 reddidit
1143 2952 1305 3015 infamem
1331 2960 1365 3016 et

261 3059 470 3132 suspectum.
537 3051 574 3114 Si
601 3051 741 3128 homini,
770 3072 838 3116 non
869 3053 959 3116 foret
990 3052 1146 3115 similiter
1178 3071 1364 3129 securum;

261 3151 502 3231 cumprimum
521 3150 705 3229 bominem,
728 3152 862 3216 scilicet
883 3150 1010 3228 Adam,
1032 3151 1266 3214 inobedientia
1292 3151 1365 3213 cul·

263 3248 412 3330 pabilem
434 3251 556 3314 merito
581 3250 835 3315 condemnavit.
888 3249 1044 3331 Angelus
1061 3249 1282 3325 insufficiens,
1305 3250 1366 3312 bo-

262 3367 319 3411 mo
332 3347 505 3425 deficiens,
516 3368 607 3412 unus
621 3349 779 3425 imbellis,
790 3349 878 3412 alter
886 3349 1077 3412 imbecillis.
1111 3348 1366 3411 Convenienter

262 3447 368 3526 igitur
383 3454 602 3527 procuratum
624 3454 690 3525 est,
713 3455 752 3511 ut
766 3447 869 3510 bomo
892 3448 1063 3510 hominem
1087 3447 1227 3528 adjutus
1254 3447 1364 3509 numi·

263 3545 316 3608 nis
338 3545 545 3610 adminiculo
568 3566 589 3609 a
609 3546 738 3610 diaboli
760 3547 915 3610 faucibus
938 3547 1121 3622 liberaret;
1147 3564 1190 3607 ne
1215 3552 1285 3608 tam
1311 3566 1366 3609 ar-

263 3644 381 3721 duum,
406 3652 477 3708 tam
500 3646 614 3709 nobile
638 3647 878 3710 commercium
904 3645 1094 3721 vacillaret,
1118 3645 1221 3707 immo
1247 3645 1363 3726 potius

259 3743 530 3825 irrefragabilius
552 3744 654 3808 finem
679 3765 882 3829 prosperum
909 3745 1101 3822 sortiretur,
1126 3751 1161 3807 et
1190 3743 1274 3807 ordo
1301 3764 1362 3807 an-

263 3842 406 3922 gelicus,
430 3843 490 3924 qui
513 3863 574 3925 per
600 3844 737 3926 lapsum
761 3845 911 3908 Luciferi
937 3852 971 3908 et
994 3864 1134 3907 suorum
1160 3843 1362 3924 complicum

260 3942 372 4005 fuerat
388 3943 578 4020 mutilatus
601 3942 762 4007 foeliciter
782 3951 1044 4008 restauraretur.
1099 3942 1232 4023 Magna
1256 3943 1363 4022 igitur

261 4047 296 4103 et
327 4041 420 4103 ornni
448 4041 551 4104 laude
579 4040 781 4122 dignissima
809 4044 875 4106 fuit
908 4050 1017 4105 mater
1049 4049 1084 4105 ct
1112 4042 1210 4120 virgo
1247 4041 1362 4104 Maria

260 4140 470 4214 beatissima,
501 4159 579 4222 quae
609 4148 744 4204 tantum
772 4140 840 4204 Dei
870 4150 906 4204 et
929 4139 1077 4202 bominis
1105 4137 1232 4200 mundo
1256 4139 1363 4203 edidit

262 4239 497 4316 mediatorem,
515 4246 550 4302 et
563 4246 717 4303 nostrum
735 4258 855 4322 parere
872 4239 995 4301 meruit
1013 4237 1231 4302 salvatorem.
1272 4236 1362 4315 Quae

260 4336 349 4400 inter
370 4357 502 4414 omnes,
525 4357 612 4420 quas
634 4339 781 4402 mundus
804 4338 925 4402 babuit
947 4337 1120 4412 mulieres,
1136 4355 1198 4398 nec
1216 4336 1363 4418 primam

259 4455 322 4500 nec
354 4437 500 4500 similem
531 4439 656 4501 meruit
686 4458 749 4501 nec
775 4444 973 4520 sequentem
1004 4437 1143 4500 habere.
1194 4435 1363 4519 Concepit

259 4555 380 4618 nempe
401 4537 476 4600 sine
496 4536 638 4618 pudore,
661 4538 794 4620 peperit
816 4539 890 4601 sine
913 4537 1043 4613 dolore,
1056 4544 1090 4600 et
1105 4536 1185 4599 binc
1200 4536 1361 4617 migravit
