3384 5625
668 804 873 852 ffllONBS
895 806 1031 854 snm.

471 977 908 1055 Nmpnssresehmsuin
926 979 1188 1039 sedluoemdente

468 1074 576 1132 Prodiit
589 1077 620 1132 in
632 1076 735 1143 lucan,
748 1095 801 1153 pro
814 1096 883 1133 cusu
894 1076 968 1134 lueis
982 1076 1128 1154 ¹okpta'

293 1186 368 1323 ὃς,
379 1185 440 1323 ll,
456 1270 553 1332 repen
569 1248 628 1311 Bi-
687 1268 770 1329 rege
784 1248 964 1312 Richardo
978 1249 1153 1313 defuneto

453 1347 605 1409 clordrn

295 1471 439 1545 139,23,
454 1468 623 1547 Hebenus,
686 1469 805 1532 deren.

457 1570 630 1633 Centuri-

459 1670 541 1731 euru

289 1828 339 1838 —
383 1794 435 1868 24,
451 1792 606 1875 archiepi-
687 1792 781 1855 oddit
797 1791 1037 1867 Paris.‚stans
1057 1791 1093 1854 iu
1109 1791 1223 1855 medio
1239 1791 1392 1856 omnium

453 1912 561 1975 scopus
709 1892 813 1968 dixit,
837 1890 992 1953 ‘Audite
1017 1890 1180 1954 universi.
1242 1890 1393 1957 Noverit

710 1992 874 2055 discretio
892 1999 1021 2066 vostra,
1044 1991 1138 2073 qnod
1163 1990 1280 2054 nullus
1301 2012 1392 2074 prae-

709 2092 769 2154 via
782 2091 916 2153 rationo
928 2090 989 2153 alii
1000 2090 1184 2154 succedere
1199 2090 1303 2154 babet
1313 2111 1393 2173 reg·

709 2211 804 2267 num,
818 2192 884 2253 nisi
898 2190 1180 2253 abuniversitate
1193 2192 1291 2272 regni
1306 2210 1392 2255 unu·

710 2291 860 2366 nimiter,
887 2290 1052 2353 invocata·
1080 2289 1230 2372 Spiritus
1265 2292 1392 2371 gratio,

709 2390 854 2465 electus,
862 2396 898 2452 et
908 2390 1097 2453 secundum
1109 2409 1242 2453 morum
1251 2409 1391 2454 snorum

710 2489 931 2552 eminentiam
958 2489 1175 2571 praeelectus,
1204 2490 1247 2552 ed
1274 2510 1393 2554 exem-

711 2588 806 2669 plum
830 2596 866 2652 et
889 2589 1148 2652 similitudinem
1172 2588 1257 2651 Saul
1288 2590 1391 2671 primi

712 2689 804 2768 regis
823 2688 966 2759 inuncti,
988 2707 1090 2769 quem
1112 2688 1303 2768 praeposuit
1318 2687 1392 2751 Do-

711 2788 825 2850 minus
839 2786 970 2870 populo
986 2806 1063 2864 sno,
1081 2806 1151 2851 non
1167 2787 1260 2868 regis
1272 2785 1391 2865 filium,

712 2907 776 2950 nec
806 2887 850 2950 de
878 2887 987 2968 regali
1017 2888 1126 2970 stirpe
1160 2894 1389 2969 procreatum.

711 2986 878 3050 Similiter
904 2994 984 3067 post
1015 3006 1092 3050 eum
1122 2986 1250 3062 David,
1278 2985 1392 3051 Jessae

712 3087 842 3164 lilium;
870 3085 972 3162 huno,
988 3087 1070 3168 quia
1086 3093 1264 3149 strenuum
1279 3092 1315 3150 et
1331 3106 1394 3168 ap·

712 3192 786 3247 tum
816 3185 980 3266 dignitati
1011 3185 1136 3265 regiae3
1170 3185 1280 3261 illum,
1310 3186 1394 3267 quia

713 3292 871 3346 sanctum
897 3290 933 3346 ot
950 3283 1123 3347 humilem.
1177 3283 1228 3346 Ut
1249 3284 1311 3358 sic,
1334 3285 1395 3365 qni

712 3390 858 3445 cunctos
874 3382 910 3443 in
925 3400 1032 3460 regno
1056 3382 1284 3462 supereminet
1307 3389 1392 3446 stre·

713 3482 859 3557 nuitate,
870 3480 1027 3544 omnibus
1041 3479 1160 3561 praesit
1173 3485 1208 3542 et
1221 3487 1394 3561 potestate

713 3588 749 3644 et
758 3581 935 3661 regimine.
957 3578 1089 3643 Verum
1101 3579 1130 3641 si
1142 3578 1219 3660 quis
1228 3598 1274 3642 ex
1286 3579 1394 3662 stirpe

712 3681 806 3761 regis
816 3679 970 3743 defuncti
983 3678 1061 3742 eliis
1072 3678 1303 3761 praepolleret,
1318 3697 1395 3760 pro·

714 3780 791 3843 nius
807 3785 842 3842 et
853 3778 1046 3861 promptius
1059 3778 1096 3841 in
1104 3777 1306 3842 electionem
1317 3777 1392 3862 ejus

714 3886 767 3942 est
797 3877 1089 3942 consentiendum.
1143 3875 1232 3940 Haec
1265 3876 1394 3943 idcirco

713 3976 866 4040 diximus
879 3997 942 4059 pro
957 3976 1087 4057 inclyto
1098 3974 1223 4038 comite
1234 3975 1257 4038 J
1260 3974 1394 4041 ohanne

711 4076 770 4158 qui
792 4092 947 4156 praesens
963 4079 1028 4149 ost,
1045 4072 1154 4137 frater
1170 4072 1393 4138 illustrissimi

324 4266 332 4297 ¹
345 4267 471 4331 Adeptoe.]
490 4269 568 4318 Alius
579 4270 678 4318 scilicet
688 4267 813 4329 satyrice:

517 4357 525 4383 ⁶
540 4355 650 4415 Christe,
661 4355 699 4402 tui
710 4351 793 4402 colico
804 4351 893 4413 praedo
904 4352 932 4400 fit
942 4350 1031 4413 prode
1042 4349 1147 4401 celocis
1157 4364 1164 4411 ς

540 4426 601 4473 AEre
611 4425 682 4473 brevi
694 4423 788 4485 rejicis,
797 4423 842 4482 qui
853 4422 913 4470 tulit
924 4436 975 4471 aere
985 4416 1167 4470 erucis.'—Ce.

331 4510 374 4558 σε.
388 4509 442 4558 also
460 4510 526 4558 adds
540 4525 557 4558 u
572 4508 752 4571 chapter,‘De
768 4507 892 4568 patientie
907 4506 975 4568 regis
994 4504 1116 4554 Ricbordi
1132 4506 1158 4555 in
1176 4496 1398 4566 tribulationibus,¹

292 4579 416 4640 probably
429 4579 472 4628 tbe
483 4594 552 4629 same
563 4579 626 4628 with
637 4578 693 4628 that
703 4579 778 4640 given
788 4577 881 4639 below,
888 4581 949 4628 tom.
960 4577 995 4627 iv.
1007 4591 1033 4639 p.
1045 4578 1103 4626 2³8.
