3384 5625
667 744 866 792 nncmouns
889 745 1022 794 vintru.
1327 732 1394 797 323

343 928 469 1005 omnia,
482 935 551 991 tam
561 927 695 992 vinaria
709 947 811 1009 quam
827 928 1021 1006 fercularia,
1035 948 1080 992 ex
1094 948 1179 994 auro
1197 938 1232 995 et
1246 938 1390 1012 argento

343 1046 445 1109 opere
470 1028 668 1107 excogitato
693 1027 862 1092 fabricata
887 1028 1148 1093 innumerabilia
1173 1030 1389 1112 resplendue-

342 1132 434 1203 runt,
461 1145 606 1208 quorum
631 1127 809 1190 materiam
831 1128 1018 1209 superabat
1045 1148 1158 1211 opus;
1190 1129 1259 1192 imo
1285 1130 1390 1193 ctiam

342 1224 421 1290 ollae
437 1232 472 1288 et
488 1244 574 1289 vasa
590 1226 801 1308 coquinaria,
817 1228 910 1290 urcei
925 1234 960 1290 et
977 1247 1062 1291 vasa
1075 1227 1220 1306 vinaria,
1245 1228 1331 1310 disci
1355 1234 1390 1291 et

342 1343 427 1389 vasa
444 1324 574 1388 cibaria
590 1332 754 1405 argentea
771 1326 960 1389 nituerunt.

302 1464 358 1502 PAO.
380 1466 434 1502 uit.

294 1528 367 1604 334,
383 1530 436 1603 23,
454 1536 482 1589 ot
494 1526 629 1590 ob'orosm
692 1527 841 1590 virorum
857 1527 1019 1591 nobilium
1038 1545 1079 1589 ac
1093 1527 1283 1608 peremnia
1298 1546 1388 1591 com·

457 1624 641 1689 ..nobilium
713 1626 955 1690 mendabilium
982 1633 1017 1690 ct
1037 1626 1181 1690 aliorum
1206 1646 1388 1707 generoso-

710 1746 797 1789 rum.

294 1890 342 1900 -
387 1851 438 1925 24,
453 1850 541 1913 illios
692 1849 792 1930 regis.

295 2012 343 2025 —
387 1968 439 2049 27,
455 1970 625 2056 obsequium
690 1968 782 2031 odda
800 1968 925 2045 Paria,
945 1970 1148 2033 custodiam.

294 2134 342 2149 -
386 2096 643 2179 autumabas
691 2093 930 2176 imperatricis,
1047 2091 1050 2097 '

294 2260 343 2273 —
385 2223 439 2296 32,
456 2219 586 2305 burgum
689 2217 777 2280 deest.

294 2383 342 2396 —
386 2346 439 2420 33,
452 2345 639 2407 comitano...
689 2341 856 2405 comitatu
889 2339 1054 2403 comitum
1087 2359 1128 2404 ac
1156 2342 1323 2404 baronum
1355 2346 1391 2404 et

455 2443 604 2506 conducto
712 2440 857 2503 aliorum
875 2440 1051 2505 nobilium.

293 2604 341 2617 -
386 2567 438 2642 34,
456 2565 558 2628 oorio‘a
691 2563 876 2645 palefridos
908 2564 1039 2627 nobiles
1072 2570 1106 2626 et
1134 2564 1271 2645 egregie
1302 2562 1389 2646 pba-

448 2673 609 2748 portootoo
711 2661 849 2726 leratos

295 2828 343 2841 —
387 2785 643 2874 37,soos...os·
689 2786 806 2851 dostoot.

450 2891 593 2975 fooso'ooo

298 3014 368 3091 335,
407 3017 436 3092 1,
446 3015 598 3098 pholoro-
691 3009 808 3073 decom.

456 3213 634 3278 decorarent

299 3372 345 3386 ·—
411 3333 442 3412 7,
456 3338 545 3421 amad
690 3332 779 3396 dosa

299 3493 345 3508 —-
389 3461 439 3537 11,
455 3481 595 3525 ooooooo-
694 3455 787 3519 addit
815 3451 941 3527 Paris,
967 3449 1112 3512 Miserat
1138 3446 1228 3512 enim
1254 3466 1317 3509 rex
1345 3447 1390 3511 ad

459 3569 535 3624 mont
715 3571 832 3617 omnes
850 3549 1007 3614 abbatias
1024 3546 1317 3630 circumjacentes,
1330 3546 1391 3612 im-

714 3652 849 3734 periose
873 3655 993 3733 petens
1018 3645 1203 3729 quemlibet
1220 3646 1403 3729 abbatem,-

714 3758 766 3829 ut,
784 3750 828 3814 ad
846 3746 1103 3813 conducendum
1120 3764 1270 3810 sororem
1293 3762 1393 3808 suam

715 3851 760 3913 ad
786 3869 892 3926 mare,
919 3865 1026 3930 equos
1056 3865 1133 3909 cum
1164 3844 1393 3909 assessoribus

717 3949 788 4011 suis
806 3947 1023 4011 honorabiles
1040 3942 1324 4008 accommodaret.

301 4117 346 4134 -
389 4085 441 4160 29,
456 4083 616 4147 morimo-
693 4070 945 4137 matrimonium
960 4069 1046 4133 illud
1062 4066 1292 4150 magnificum.

458 4183 546 4246 niano

301 4341 346 4356 -
389 4307 444 4382 31,
462 4305 577 4370 solenni
693 4295 786 4360 addit
803 4294 929 4370 Paris„
942 4291 978 4355 in
991 4288 1203 4356 vestimentis
1221 4286 1392 4369 pretiosa,

716 4395 824 4459 cereis
851 4393 1014 4467 accensis,
1041 4387 1234 4472 agminibus
1258 4403 1393 4466 compo

715 4494 781 4556 site
796 4490 973 4556 ordinatis,
