3384 5625
338 742 403 807 122
704 760 903 808 nncrronns
933 761 1066 809 vnmn.

338 884 395 921 PAO·
430 884 482 922 nrt.

340 942 391 1023 72,
431 948 486 1022 29,
500 946 567 1030 ipso
735 966 827 1029 rege.

338 1106 389 1117 --
433 1072 485 1147 32,
502 1070 650 1134 deuorare
734 1071 916 1136 honorare.
969 1071 1036 1135 Ille
1053 1070 1126 1135 dux
1142 1068 1297 1135 Austriae
1314 1079 1440 1155 postea

757 1171 938 1235 adomino
962 1190 1055 1254 papa
1079 1178 1115 1234 et
1138 1172 1297 1235 omnibus
1323 1172 1437 1236 cardi-

756 1271 893 1334 nalibus
924 1271 1242 1335 excommunicatus
1268 1279 1336 1335 est.
1395 1271 1440 1335 In

757 1378 867 1434 morte
893 1377 1006 1435 autem
1033 1370 1115 1434 licet
1138 1390 1207 1434 non
1234 1371 1440 1435 satisfecerit

740 1470 799 1559 „ad
822 1470 1007 1547 cautelam,
1035 1490 1078 1533 ne
1102 1470 1139 1532 in
1164 1470 1439 1553 desperationem

756 1569 906 1645 caderet,
922 1570 966 1632 ab
981 1569 1152 1652 episcopis
1169 1571 1241 1632 suis
1259 1570 1440 1634 absolutus

756 1669 842 1733 obiit
858 1668 1086 1748 horribiliter3
1108 1669 1156 1731 tt.
1168 1678 1196 1732 et
1212 1670 1245 1732 0.

338 1788 390 1870 73,
451 1794 686 1877 numqaum..
734 1814 812 1877 quae
836 1793 952 1859 omnia
974 1801 1056 1858 ante
1077 1793 1314 1857 liberationem
1339 1813 1439 1858 suam

499 1893 672 1957 conueniret
756 1895 918 1971 solveret,
932 1895 1062 1977 absque
1072 1894 1233 1975 expensis
1247 1901 1319 1957 tam
1330 1894 1440 1977 ipsius

755 2013 859 2076 quam
902 1994 1046 2057 aliorum
1083 1994 1127 2057 ob
1166 1993 1262 2056 illam
1296 2013 1438 2058 causam

756 2101 941 2175 antequam
960 2094 1184 2157 convenirent
1197 2092 1311 2158 sactis,

336 2254 387 2265 --
454 2209 485 2288 7,
493 2235 587 2297 quom
595 2213 688 2277 citius
733 2236 852 2299 quum.
953 2242 955 2244 ·

336 2378 387 2389 -
432 2338 484 2414 21,
499 2334 587 2400 rabac
600 2334 686 2399 lubi-
734 2339 898 2403 thesauro
938 2359 1004 2403 sno
1037 2338 1265 2422 adquietavit.
1316 2338 1439 2405 Abbas

500 2436 617 2521 tisrepi
633 2436 686 2499 do-
756 2457 894 2521 quoque
919 2439 953 2502 S.
973 2438 1102 2503 Albani
1123 2440 1289 2504 Warinus
1317 2460 1438 2504 omnes

497 2536 587 2599 auoit
755 2557 828 2601 suae
852 2538 1007 2603 ecclesiae
1029 2547 1064 2604 et
1087 2538 1236 2609 diocesis
1259 2539 1440 2622 adquieta·

755 2638 816 2715 vit,
844 2638 888 2702 de
918 2658 982 2703 suo
1015 2647 1153 2703 centum
1188 2658 1323 2703 marcas
1358 2659 1438 2704 con·

758 2738 921 2819 ferend03
942 2740 991 2802 Oc.
1006 2740 1084 2803 etit.

333 2905 384 2915 -
428 2862 481 2937 26,
496 2859 602 2944 Hujus
628 2882 684 2924 aa
731 2863 874 2928 decuma
893 2865 985 2928 ant
1001 2866 1044 2929 R.

498 2969 685 3045 temetque

491 3060 626 3143 fotum

336 3179 391 3259 74,
451 3184 481 3259 1,
500 3181 686 3267 infertilitas
731 3181 928 3247 infelicitas.

332 3351 383 3361 -
452 3309 484 3382 4,
502 3307 570 3370 Ito
584 3316 684 3371 autem
731 3303 793 3371 All
819 3307 889 3371 this
913 3305 1057 3389 chapter
1080 3307 1111 3370 is
1133 3306 1290 3388 wanting
1311 3305 1349 3368 in
1376 3306 1436 3370 the

753 3407 890 3488 printed
908 3406 1055 3470 editions
1073 3407 1141 3470 and
1157 3407 1193 3469 in
1214 3407 1248 3469 0.

335 3527 387 3607 75,
426 3526 683 3608 27,eacommuati-
730 3530 1053 3599 excommunicatus
1066 3537 1131 3606 est,
1149 3530 1179 3593 si
1195 3536 1322 3593 autem.

486 3639 581 3707 catus,
597 3631 626 3692 si

334 3751 387 3830 76,
426 3755 476 3830 31,
491 3760 683 3816 etcastru...
731 3756 859 3832 praeter
886 3748 989 3812 villas
1022 3751 1205 3833 plusquam
1238 3759 1435 3816 sexcentas.

490 3851 659 3938 plusquam
754 3848 910 3926 Quartus
933 3849 1034 3926 filius,
1063 3851 1318 3928 Mehemodain,
1340 3859 1436 3917 tenet

497 3960 650 4016 sescentas
752 3969 897 4030 regnum
931 3947 1040 4026 Asiae,
1066 3951 1159 4032 quod
1186 3950 1292 4014 habet
1323 3953 1437 4015 muni-

752 4049 863 4113 tiones
881 4049 1063 4132 plusquam
1082 4051 1302 4132 quingentas

306 4223 310 4227 v
333 4172 387 4251 77,
427 4179 478 4254 14,
488 4178 682 4262 populas...
730 4194 752 4238 a
773 4175 903 4256 populo
928 4174 1127 4239 Christiano
1147 4174 1299 4257 populus
1318 4173 1436 4239 Chris-

492 4279 675 4358 craca'fiewm
751 4275 879 4338 tianus

331 4434 383 4447 —-
427 4402 479 4476 21,
496 4400 667 4463 Saracenos
729 4397 905 4476 SaruteoS‚
916 4397 1089 4480 quoddam
1104 4397 1241 4481 pondus
1253 4399 1329 4463 auri
1343 4398 1432 4463 sicut

498 4499 682 4562 transmittit
751 4499 859 4561 ciclus
874 4498 1030 4579 argenti;
1052 4498 1100 4560 Oe.
1115 4506 1143 4560 et
1159 4498 1202 4560 R.
