3384 5625
364 785 431 850 272
739 798 940 847 anemonas
964 798 1097 846 vuum.

417 982 712 1064 archiepiscopum
727 1000 768 1045 ac
780 980 885 1044 talem
899 980 1076 1061 eligerent,
1091 979 1151 1061 qui
1166 978 1231 1042 sibi
1248 986 1341 1043 esset
1353 988 1476 1062 pastor

417 1082 609 1145 animarum
642 1082 802 1157 salubris,
832 1086 868 1143 et
893 1080 1049 1143 ecclesiae
1076 1078 1171 1142 utilis
1196 1076 1416 1159 Anglicanae,
1440 1087 1475 1143 et

418 1180 588 1244 Romanae
609 1180 718 1243 fidelis
743 1198 783 1243 ac
799 1178 957 1243 devotus.
1010 1176 1175 1241 Monachi
1201 1176 1307 1258 igitur
1333 1177 1474 1241 domum

416 1279 545 1343 reversi
572 1279 759 1342 conventui
787 1278 980 1341 retulerunt
1007 1275 1179 1359 quomodo
1205 1276 1342 1339 fueraut
1362 1294 1384 1339 a
1408 1296 1474 1340 suo

417 1378 585 1442 desiderio
603 1377 808 1441 defraudati.

380 1519 436 1555 PAO.
459 1518 513 1555 un.

369 1582 442 1657 229,
482 1577 513 1655 7,
528 1579 680 1665 Acyllam
771 1578 944 1641 diocesim.

368 1706 444 1780 230,
481 1707 514 1780 8,
530 1723 581 1766 ooo
595 1702 704 1765 iocur·
769 1721 833 1765 vos
854 1702 890 1765 iu
909 1702 1183 1784 possessionibus
1197 1702 1324 1766 vestris
1341 1702 1475 1766 indubi-

533 1802 607 1865 Μία
792 1807 907 1864 tanton
923 1802 1117 1865 incurretis.

371 1927 444 2000 232,
485 1927 515 1997 6,
531 1926 711 1989 indumento
769 1924 972 1989 indumenta
990 1945 1067 1988 cum
1083 1924 1269 1989 donativis.

370 2050 447 2123 234,
489 2051 519 2123 5,
538 2048 711 2111 Joloamem
770 2048 860 2112 deest.

370 2208 421 2216 —
466 2171 517 2246 16,
530 2170 699 2252 fiduciali·
771 2173 864 2237 addit
880 2173 1005 2252 Paris,
1021 2193 1100 2238 cum
1118 2193 1310 2239 sermonem
1321 2172 1463 2237 faceret.

539 2279 584 2332 ter

369 2428 420 2436 —
465 2391 517 2466 26,
533 2390 581 2453 uel
590 2391 667 2455 mili
677 2391 725 2455 ool
772 2392 855 2456 mihi
871 2401 906 2456 et
922 2394 1070 2457 cuidam.

535 2489 582 2552 all

370 2655 421 2665 -
465 2615 518 2689 31,
535 2612 581 2676 ad
592 2612 723 2695 aedafico-
773 2614 850 2677 Deo
879 2614 1117 2696 beneplacitis,
1150 2623 1190 2679 ut
1218 2616 1402 2699 credimus,
1433 2618 1477 2681 ad

538 2712 648 2775 tionem
795 2713 1057 2777 aedificationem
1099 2713 1311 2779 audientium
1349 2717 1478 2780 refera-

537 2809 649 2875 curodo
795 2833 881 2876 mua.

374 2935 450 3004 235,
489 2935 521 3007 5,
530 2932 624 3015 fundo
773 2936 864 2999 deest.

373 3096 423 3106 -
487 3091 514 3103 -
532 3054 724 3119 clementissi·
773 3059 807 3121 in
826 3079 911 3141 pace
926 3060 1224 3128 clementissimus.

541 3174 608 3216 mos

374 3315 425 3323 —
490 3280 523 3356 9,
537 3300 703 3365 manusque
774 3303 896 3349 manus
912 3283 966 3348 vel
985 3284 1098 3365 pedes.

539 3401 608 3442 cum
619 3380 710 3464 podi-

540 3477 594 3542 bus

374 3641 424 3653 —
470 3603 523 3677 18,
541 3600 655 3665 subiret
774 3600 867 3664 addit
899 3599 1023 3675 Paris„
1058 3599 1114 3664 vel
1151 3617 1257 3682 poena
1297 3599 1479 3682 puniretur

796 3699 979 3781 pecuniali.

296 3841 298 3843 ’
374 3819 451 3898 237,
469 3826 522 3899 18,
539 3823 644 3907 qai...
655 3821 725 3886 cole
775 3821 819 3883 ad
835 3822 1038 3902 obsequium
1056 3822 1309 3887 defunctorum.

539 3919 643 3985 droret

374 4080 424 4090 -
469 4048 523 4120 20,
540 4054 701 4110 comnotus
775 4044 955 4108 commotis
981 4045 1171 4108 visceribus
1195 4043 1308 4108 victus
1332 4043 1382 4106 fui
1405 4044 1479 4125 pie-

542 4167 710 4210 ...coose
797 4150 883 4220 tate,
910 4152 945 4208 ct
970 4145 1109 4226 reposui
1136 4143 1288 4226 gladium
1318 4143 1354 4206 in
1379 4143 1481 4223 vagi·

539 4246 642 4308 orauit
798 4261 890 4320 nam,
912 4244 1034 4307 nolens
1056 4243 1087 4306 ei
1116 4262 1263 4319 nocere;
1293 4248 1328 4304 et
1359 4242 1410 4305 sic
1434 4243 1479 4306 ob

798 4360 949 4405 amorem
996 4348 1031 4406 et
1072 4342 1300 4407 reverentiam
1333 4340 1479 4405 vivificae

798 4459 921 4505 crucis.

375 4600 426 4610 -
470 4565 522 4642 28,
536 4564 600 4647 ipse
613 4563 693 4630 solos
774 4562 892 4627 wool.
