3384 5625
293 766 343 828 xii
697 780 986 828 russonucrrort.

292 962 436 1043 antiqua
458 960 632 1024 hominum
655 959 868 1024 consuetudo
886 959 1005 1023 diatim
1021 958 1195 1041 expiravit
1213 966 1248 1022 et
1261 959 1391 1023 sancti-

294 1069 347 1125 tas
366 1055 582 1143 ¹approbatn.

410 1232 580 1297 Wilblrnns
595 1254 649 1295 raa
663 1231 700 1295 dc
715 1231 822 1295 maltis
837 1230 970 1296 hortibus
985 1232 1049 1295 saris
1061 1221 1276 1316 triumphavit.

343 1356 447 1420 Anno
465 1356 606 1420 Domini
624 1372 758 1418 nnxrx.
775 1363 945 1420 venerunt
957 1355 1096 1436 quidam
1114 1355 1157 1419 ad
1173 1375 1288 1438 regem
1303 1355 1391 1420 Wil-

293 1457 444 1533 lelmum‚
459 1456 727 1520 Dunelmensem
741 1455 938 1537 episcopum
953 1453 1150 1535 Agelricum
1163 1455 1206 1518 de
1222 1456 1298 1539 ejus
1311 1474 1391 1537 pro-

295 1557 447 1621 motione
464 1554 690 1639 [proditione]
709 1562 934 1634 accusantes3
962 1555 1034 1636 qui,
1048 1555 1085 1618 in
1103 1556 1187 1619 villa
1203 1574 1281 1637 qnae
1298 1556 1390 1619 Bur-

295 1676 377 1738 gum
400 1656 527 1720 dicitur
541 1674 563 1719 a
577 1654 669 1735 regis
687 1652 855 1718 Willelmi
875 1653 1039 1718 ministris
1061 1660 1195 1735 captus,
1212 1655 1256 1718 ud
1275 1655 1389 1720 West-

296 1756 542 1819 monasterium
559 1754 685 1817 ductus
702 1759 755 1817 est
771 1755 835 1816 sub
852 1753 1016 1818 carcerali
1033 1753 1192 1817 custodia
1209 1754 1392 1819 detruden-

295 1855 371 1919 dus.
410 1855 457 1918 Et
473 1860 605 1936 postea,
624 1873 740 1916 mense
757 1851 930 1934 Augusto,
949 1853 1056 1917 frater
1070 1853 1146 1936 ejus
1162 1854 1390 1935 Egeluuinns,

296 1954 449 2036 ejusdem
471 1954 539 2017 loci
564 1952 675 2016 sactus
698 1953 892 2033 episcopus
910 1952 975 2016 fuit
992 1954 1028 2014 in
1046 1952 1287 2016 exterminium
1303 1954 1391 2017 rele-

297 2062 410 2135 gatus.
464 2052 595 2115 Eodem
617 2071 698 2115 vero
715 2071 806 2114 anno
828 2052 1002 2116 interduo
1023 2050 1113 2114 festa
1132 2053 1243 2117 beatae
1266 2054 1391 2118 Mariae

296 2154 332 2215 in
365 2160 530 2216 autumno
560 2157 729 2214 venerunt
762 2150 831 2214 duo
864 2150 925 2213 filii
963 2151 1071 2214 Suani
1105 2158 1140 2215 et
1174 2153 1282 2216 frater
1314 2154 1388 2236 ejus

299 2252 468 2316 Olbernus
487 2252 529 2315 de
549 2270 657 2332 regno
674 2251 853 2314 Danornm
873 2270 949 2314 cum
969 2249 1159 2331 cogonibns
1177 2254 1339 2316 trecentis
1355 2253 1392 2315 in

298 2351 476 2433 Angliam,
498 2358 537 2415 ut
558 2370 673 2433 regem
695 2349 909 2414 Willelmum
929 2352 973 2413 ab
993 2349 1124 2432 Anglia
1148 2353 1392 2431 exturbarent3

297 2471 442 2533 quorum
475 2447 644 2515 adventus
669 2470 747 2512 cum
774 2450 974 2531 divulgatus
997 2450 1131 2527 fuisset,
1153 2451 1313 2515 exierunt
1341 2452 1391 2513 eis

297 2551 434 2615 obviam
468 2551 502 2613 in
535 2569 621 2631 pace
650 2549 809 2631 Edgarus
841 2549 1004 2630 Etheling
1035 2550 1125 2612 filius
1155 2550 1329 2626 Edwardi‚
1357 2557 1394 2614 et

297 2650 517 2715 waltheosus
534 2669 657 2726 comes,
673 2669 750 2713 cum
762 2649 879 2712 multis
894 2649 1044 2712 millibus
1060 2657 1280 2723 armatorum,
1297 2649 1395 2731 cupi·

297 2757 394 2816 entes
417 2770 535 2814 eorum
559 2750 690 2814 auxilio
712 2768 828 2832 regem
853 2748 1067 2814 Willelmum
1092 2767 1215 2831 capere
1235 2749 1290 2812 vel
1316 2767 1392 2814 cnr·

298 2851 367 2915 ceri
396 2857 563 2933 perpetuo
601 2850 809 2930 mancipare.
875 2848 986 2924 Tunc,
1017 2847 1145 2913 foedere
1178 2849 1393 2926 confirmato,

295 2950 428 3033 junctis
445 2948 575 3013 viribus
599 2948 642 3012 ad
666 2949 859 3012 Eboracum
876 2949 1051 3011 venientes
1074 2948 1191 3010 urbem
1214 2967 1293 3010 cum
1317 2967 1394 3012 cas·

298 3050 381 3113 tello
407 3047 613 3131 quantocius
638 3055 863 3130 occuparunt,
890 3054 925 3110 et
939 3046 1048 3109 multa
1069 3046 1195 3109 ibidem
1220 3046 1394 3112 hominum

298 3149 406 3212 millia
423 3144 652 3230 peremerunt,
663 3147 882 3231 majoresque
895 3146 989 3209 urbis
1000 3152 1036 3208 et
1049 3144 1234 3226 provinciae
1247 3142 1394 3211 vinculis

299 3247 575 3329 constringentes
599 3249 809 3330 torquebant
826 3254 860 3310 et
889 3246 933 3310 ab
955 3244 1005 3309 eis
1027 3264 1163 3308 omnem
1180 3265 1298 3309 eornm
1315 3249 1395 3310 sub·

299 3347 463 3413 stantiam
499 3348 726 3412 abstulerunt.
777 3345 933 3410 Tandem
958 3345 1007 3409 ibi
1034 3344 1125 3409 inter
1154 3345 1223 3410 duo
1252 3345 1396 3410 flumina

299 3447 431 3514 Vasam
454 3454 489 3512 et
504 3448 633 3512 Trente
654 3447 846 3511 hiemantes
869 3446 981 3509 omnis
1003 3444 1156 3523 regionis
1177 3445 1308 3508 incolas
1330 3446 1395 3509 im·

299 3547 563 3612 misericorditer
585 3545 802 3608 trucidarunt
820 3542 876 3605 vel
900 3542 944 3606 ad
967 3540 1174 3605 deditionem
1196 3553 1394 3626 coegerunt.

300 3646 367 3709 Sed
390 3645 599 3721 Willelmus,
620 3644 731 3707 hieme
747 3652 957 3716 transcursa,
975 3660 1054 3704 cnm
1076 3643 1229 3706 maxima
1246 3651 1397 3708 armato-

300 3764 377 3807 rum
404 3743 504 3825 copia
534 3743 778 3826 superveniens
804 3741 963 3805 fortiores
995 3739 1145 3805 hostium
1174 3742 1310 3824 fugavit
1336 3751 1397 3808 ant

298 3845 402 3927 cepit,
429 3842 576 3905 minores
604 3849 719 3907 antem
746 3839 943 3905 trucidavit.
995 3839 1094 3904 Tunc
1119 3840 1289 3923 ungarus,
1314 3843 1396 3907 licet

299 3946 374 4026 ipse
405 3962 482 4005 cnm
514 3943 638 4005 comite
670 3941 847 4005 Walteofo
876 3941 1141 4004 innumerabiles
1176 3940 1397 4007 Normannos

301 4042 537 4125 peremissent,
562 4042 607 4105 ad
629 4060 743 4122 regem
768 4040 980 4105 Willelmum
1004 4040 1143 4105 veniens
1170 4048 1204 4104 et
1228 4042 1259 4104 ei
1286 4042 1397 4106 humi·

300 4144 404 4208 liatus
417 4161 537 4224 pacem
558 4140 759 4224 impetravit
772 4147 808 4205 et
822 4141 932 4204 eidem
950 4141 1032 4204 fecit
1045 4140 1258 4206 fidelitatem.
1311 4140 1399 4205 Erat

300 4243 389 4306 enim
405 4261 468 4305 rex
484 4241 681 4306 Willelmus
694 4240 920 4324 deprecabilis
937 4245 1017 4321 post
1032 4240 1224 4304 victoriam.

740 4448 744 4454 ·
766 4434 773 4464 ¹
786 4441 811 4485 et
822 4436 949 4485 honestas.
