3384 5625
293 777 358 841 160
667 794 866 843 uncrionns
889 795 1022 842 vemas.

344 983 491 1056 granato
510 977 601 1057 quod
620 976 758 1057 diligas,
778 978 815 1038 in
832 977 964 1057 topatio
987 976 1079 1059 quod
1102 996 1279 1051 exerceas,
1297 987 1337 1042 ut
1354 978 1397 1041 de

345 1076 473 1140 virtute
490 1076 526 1138 in
538 1077 700 1140 virtutem
716 1077 896 1151 ascendas,
912 1076 1020 1139 donec
1036 1077 1223 1139 Dominum
1242 1077 1398 1141 Deorum

344 1175 462 1239 videas
476 1176 513 1237 in
530 1175 636 1239 Sion.'
670 1174 759 1239 Haec
776 1183 893 1239 autem
911 1194 988 1239 cum
1004 1175 1048 1238 ad
1066 1176 1158 1256 regis
1176 1178 1397 1256 praesentiam

343 1276 593 1356 pervenissent,
615 1274 726 1357 primo
749 1282 929 1356 gratanter
956 1275 987 1338 ei
1010 1276 1305 1357 complacuerunt,
1334 1277 1395 1340 sed

344 1382 424 1455 post
441 1393 510 1437 non
527 1374 655 1437 multos
670 1374 743 1436 dies
764 1375 1013 1456 subsequentes
1039 1394 1159 1438 aarum
1183 1375 1338 1438 obrizum
1359 1377 1396 1438 in

344 1474 491 1537 scoriam
516 1481 551 1538 et
575 1473 737 1549 derisum,
759 1492 904 1553 gemmae
919 1474 955 1536 in
972 1474 1133 1554 gemituS,
1150 1492 1247 1537 amor
1262 1475 1298 1536 in
1316 1494 1397 1537 ran-

343 1592 470 1649 corem,
493 1573 583 1636 sicut
606 1591 755 1655 sequens
781 1590 894 1635 sermo
917 1573 1119 1648 declarabit,
1136 1580 1218 1636 sunt
1235 1572 1396 1637 flebiliter

344 1679 568 1749 commutata,
583 1679 622 1735 ut
638 1692 683 1735 ex
698 1672 922 1754 sequentibus
937 1672 1144 1736 constiterit.

304 1812 361 1847 Pla.
385 1811 437 1848 un.

295 1875 368 1947 215,
387 1875 438 1948 13,
448 1872 557 1956 pridie
574 1872 646 1935 idas
693 1872 809 1935 desunt.

460 1971 547 2034 Jottt

296 2092 368 2169 217,
408 2098 439 2167 5,
451 2104 602 2179 praestare
693 2099 842 2174 portare.

295 2220 368 2293 219,
386 2220 440 2294 33,
457 2218 570 2281 decimo
694 2215 837 2279 decimo.
891 2215 993 2280 Circa
1026 2215 1098 2279 dies
1137 2214 1224 2278 istos
1264 2214 1396 2291 Simon,

716 2312 941 2378 cicestrensis
967 2315 1160 2397 episcopus,
1182 2313 1287 2393 obiit;
1312 2334 1396 2379 con-

715 2412 845 2476 fiscatis
863 2414 1021 2477 omnibus
1035 2414 1134 2477 bonis
1149 2413 1395 2477 monachorum

716 2510 1020 2575 Cantuariensium
1063 2513 1117 2575 die
1157 2512 1395 2576 translationis

715 2612 827 2674 sancti
861 2610 1043 2675 Swithuni.
1102 2610 1281 2674 Galfridus
1313 2632 1395 2675 vero

715 2711 994 2794 archiepiscopus
1027 2712 1255 2774 Eboracensis
1283 2719 1396 2774 trans-

715 2811 805 2891 fugit
821 2811 911 2874 clam
936 2813 1055 2875 nolens
1075 2811 1269 2874 consentire
1290 2830 1378 2874 exac

716 2911 802 2973 tioni
819 2910 931 2972 tertiae
953 2911 1103 2994 decimae.
1156 2909 1216 2973 Sol
1240 2910 1394 2992 eclipsim

714 3028 839 3090 passus
857 3015 909 3071 est
925 3011 967 3073 ab
985 3009 1071 3073 hora
1093 3016 1194 3072 sexta
1218 3028 1326 3091 usque
1351 3009 1394 3071 ad

716 3128 853 3184 nonam,
887 3127 1019 3173 necnon
1042 3109 1126 3172 luna
1149 3109 1267 3172 codem
1292 3108 1395 3170 modo

714 3207 882 3271 similiter.

291 3371 343 3384 --
387 3337 440 3412 36,
456 3336 611 3400 Hebraeos
691 3332 784 3395 addit
800 3332 922 3408 Paris,
942 3331 1042 3395 litera
1067 3331 1275 3394 Dominicali
1303 3330 1395 3393 exis-

715 3439 809 3495 tente
834 3429 892 3507 G,
918 3432 1000 3494 luna
1021 3450 1102 3494 vero
1130 3430 1311 3493 undecima
1337 3429 1393 3492 die

712 3531 813 3593 lnnae.

294 3658 368 3730 222,
408 3658 438 3730 1,
454 3657 517 3718 sice
691 3653 805 3716 descen.

461 3752 587 3836 Asplioe

293 3877 366 3951 224,
406 3873 435 3952 7,
448 3874 643 3960 ubirspctdri
691 3871 808 3936 desunt.

448 3984 617 4060 potnerunt

291 4102 367 4176 225,
406 4103 436 4178 3,
452 4100 609 4185 ccipcntes,
691 4092 880 4173 exigentes,
900 4094 1102 4176 repagulum
1120 4093 1327 4157 conditionis
1341 4095 1393 4158 in-

453 4201 603 4264 Mattldts
712 4199 893 4269 venerunt,
907 4192 1063 4256 Matildis
1081 4193 1182 4255 enim.

288 4362 339 4372 —
383 4323 435 4397 28,
451 4322 588 4404 suspensi
689 4314 781 4379 addit
797 4316 924 4393 Paris„
942 4317 1073 4379 Eodem
1099 4335 1189 4379 anno
1209 4315 1395 4399 Philippus

710 4415 783 4478 dux
810 4415 961 4492 Suaviae,
986 4415 1046 4496 qui
1075 4422 1195 4479 contra
1219 4415 1392 4480 Othonem

710 4514 752 4576 de
769 4515 913 4596 imperio
929 4515 1172 4593 contendebat,
1190 4515 1367 4579 occiditur.
