3384 5625
295 774 361 839 mo
664 791 862 840 ursmarus
886 792 1021 840 viuum.

295 914 353 951 ΡΛΘ.
401 913 453 949 uu.

296 977 349 1052 86,
409 976 442 1051 2,
456 982 585 1060 orpora
697 978 731 1043 0.
747 978 845 1055 adds,
860 977 987 1042 ‘tertio
1003 977 1083 1041 idus
1098 974 1275 1059 Augusti!

294 1135 341 1147 -
390 1100 443 1175 21,
459 1098 609 1185 conpulsi·
696 1101 731 1165 0.
747 1101 845 1178 adds,
863 1108 873 1137 ‘
889 1102 970 1167 Hoc
993 1101 1166 1185 praecipue
1189 1100 1321 1165 dictum
1346 1108 1401 1167 est

716 1220 778 1281 pro
801 1199 1031 1267 Constantino
1054 1201 1131 1265 cive
1150 1200 1400 1279 Londoniensi,

716 1298 759 1362 de
776 1299 877 1383 cujus
893 1301 1079 1384 suspendio
1090 1300 1165 1384 jam
1182 1299 1398 1365 certificaba-

714 1405 822 1463 toret
839 1419 945 1465 causa
962 1407 998 1465 et
1012 1400 1137 1464 modo!

295 1514 348 1595 87,
412 1521 441 1595 5,
457 1518 543 1681 rpp'ps
560 1566 568 1581 .
588 1566 596 1581 .
613 1566 643 1581 ..
691 1521 867 1603 inquibus
885 1523 1042 1606 partibus
1057 1540 1152 1586 error
1166 1520 1234 1586 ille.

459 1639 472 1680 o

293 1743 346 1817 88,
387 1737 441 1818 27,
455 1741 644 1808 oldoroetoro
692 1742 785 1825 quod
801 1762 845 1806 ex
863 1750 955 1806 tunc.

292 1899 344 1912 -
387 1867 440 1942 30,
457 1865 558 1929 dirtos
692 1865 862 1930 dominus.

292 1989 348 2063 91,
408 1989 439 2063 9,
455 1987 636 2051 omnimodis
692 1988 889 2053 commodis.

292 2152 343 2166 -
388 2113 442 2188 35,
458 2120 643 2175 oenomaum
691 2111 784 2176 addit
800 2111 927 2187 Paris„
942 2109 1063 2174 Tertio
1082 2117 1198 2175 autem
1221 2110 1300 2175 idus
1318 2110 1394 2177 Au·

714 2212 808 2292 gusti
825 2218 981 2273 mortuus
1000 2216 1066 2287 est,
1082 2210 1173 2274 siout
1188 2217 1394 2292 praetactum

714 2316 777 2384 est,
796 2330 859 2373 rex
881 2308 1154 2391 sapientissimus
1181 2308 1393 2375 Francorum

714 2407 898 2491 Philippus
918 2417 954 2472 et
971 2407 1063 2491 apud
1086 2415 1243 2472 sanctum
1260 2408 1393 2492 Diony·

713 2508 801 2570 sium
828 2507 998 2590 sepultus,
1018 2506 1078 2589 qui
1101 2507 1289 2590 suscipiens
1312 2527 1391 2590 reg·

713 2626 795 2671 num
824 2613 923 2690 patre
952 2626 1016 2669 suo
1041 2604 1217 2671 Lodovico
1242 2606 1392 2685 vivente,

713 2725 804 2770 anno
837 2705 952 2769 aetatis
992 2724 1064 2767 suae
1095 2705 1216 2787 quinto
1247 2706 1391 2783 decimo,

712 2805 873 2887 regnavit
906 2803 1004 2870 annis
1040 2803 1271 2887 quadraginta
1304 2824 1390 2890 qua·

630 2900 633 2905 ’
713 2913 809 2983 tuor3
832 2905 889 2966 cui
904 2903 1069 2967 suecessit
1087 2902 1283 2968 Lodovious
1299 2903 1390 2968 filius

712 3002 798 3086 ejus,
817 3002 877 3065 sed
900 3002 1047 3066 multum
1069 3002 1250 3066 dissimiles
1267 3002 1323 3066 hic
1340 3004 1392 3068 vir

711 3108 747 3164 et
765 3101 833 3165 ille.
886 3101 1064 3165 lohannes
1080 3100 1123 3164 de
1140 3101 1308 3179 Brennes,
1329 3121 1390 3167 rex

713 3199 945 3278 Hierusalem,
980 3207 1015 3263 et
1040 3199 1206 3280 magister
1235 3201 1392 3284 superior

712 3299 894 3383 hospitalis
913 3300 1057 3363 fratrum
1081 3296 1314 3377 Hierusalem,
1330 3319 1390 3364 ve·

711 3406 836 3463 nerunt
865 3399 901 3462 in
929 3395 1093 3478 Angliam
1127 3398 1220 3460 circa
1246 3404 1390 3464 octavas

711 3498 948 3581 apostolorum
982 3495 1080 3560 Petri
1113 3504 1148 3560 et
1179 3495 1294 3574 Pauli,
1327 3518 1391 3581 pro

711 3596 842 3660 auxilio
876 3594 1083 3678 postulando
1119 3594 1163 3657 ad
1197 3596 1388 3660 subsidium

710 3694 829 3756 Terrae
857 3701 998 3759 sanctae.
1045 3693 1175 3758 Eodem
1201 3713 1292 3758 anno
1317 3714 1390 3759 ma-

711 3792 819 3872 gister
836 3791 870 3855 S.
885 3792 927 3854 de
942 3790 1084 3876 Apulia,
1097 3793 1280 3876 episcopus
1293 3792 1388 3858 Exo-

710 3890 851 3967 niensis,
884 3891 975 3954 circa
1007 3893 1132 3957 festum
1165 3892 1388 3956 exaltationis

708 3997 839 4053 sanctae
877 3988 1010 4069 Crucis,
1044 3998 1079 4055 et
1110 3990 1307 4055 Willelmus
1346 3991 1389 4055 de

709 4088 909 4166 Cornhulle,
956 4090 1138 4173 episcopus
1182 4087 1388 4167 cestrensis,

708 4189 799 4253 circa
813 4189 903 4253 idem
921 4196 1068 4270 tempus,
1084 4188 1253 4254 obierunt.
1283 4185 1388 4253 Anno

709 4289 814 4352 etiam
837 4288 969 4365 eodem,
991 4307 1052 4371 per
1074 4288 1230 4370 singulos
1253 4306 1389 4353 menses

710 4388 892 4451 continuos
909 4386 1002 4463 anni,
1014 4393 1113 4451 tanta
1130 4387 1195 4451 suit
1208 4386 1388 4452 inundatio

709 4485 904 4568 pluviarum
931 4493 965 4549 et
993 4487 1127 4569 eruptio
1160 4506 1325 4568 aquarum
1355 4495 1390 4550 et

708 4585 798 4646 aeris
821 4584 1051 4665 inaequalitas
1070 4592 1121 4662 ut,
1140 4605 1202 4667 pro
1221 4592 1319 4649 tanta
1335 4585 1389 4648 in-
