3384 5625
291 745 334 816 78
666 762 865 811 nnorrours
887 761 1018 811 verim.

291 950 371 1015 dam
403 972 486 1017 vero
516 959 643 1017 nostrae
674 950 754 1015 fidei
786 952 910 1015 seriem
941 957 988 1015 et.
1007 956 1159 1015 tenorem
1189 950 1299 1015 literis
1331 952 1393 1015 tibi

291 1051 467 1134 supplicas
501 1053 651 1135 aperiri3
687 1071 751 1117 nos
784 1052 852 1116 tuis
894 1050 1176 1133 congratulantes
1217 1052 1394 1116 desideriis

289 1149 385 1215 illam
421 1153 486 1217 sub
517 1152 667 1235 quodam
698 1152 913 1234 compendio,
947 1158 982 1215 et
1012 1151 1112 1234 quasi
1140 1151 1249 1232 digito
1280 1159 1391 1226 tenus,

291 1250 501 1317 intimamus.
554 1251 646 1316 Illud
669 1251 776 1333 igitur
801 1252 858 1334 pie
883 1249 1004 1315 credas
1029 1257 1064 1313 et
1085 1251 1231 1316 fideliter
1261 1260 1392 1328 teneas,

291 1351 373 1430 quia
408 1371 497 1415 unus
537 1352 634 1417 Deus
678 1358 743 1428 cst,
780 1352 830 1415 sic
865 1356 979 1414 tamen
1018 1357 1058 1414 ut
1089 1351 1125 1414 in
1158 1352 1394 1433 assignatione

292 1447 431 1514 deitatis
469 1452 516 1515 sit
547 1452 662 1516 unitas
690 1451 728 1515 in
765 1450 973 1527 substantia,
1006 1458 1041 1513 et
1077 1450 1213 1514 trinitas
1246 1451 1283 1514 in
1315 1472 1394 1534 per-

291 1549 398 1613 sonis.
449 1551 513 1615 Est
530 1552 619 1615 enirn
644 1551 741 1615 Deus
767 1549 887 1626 Pater,
910 1550 1007 1613 Deus
1031 1550 1153 1626 Filius,
1172 1551 1268 1614 Deus
1287 1549 1394 1634 Spiri-

290 1654 348 1711 tus
378 1649 550 1730 Sanctus;
584 1650 643 1715 sed
674 1650 781 1714 Pater
804 1656 839 1713 et
868 1649 977 1712 Filius
1009 1656 1044 1712 et
1070 1648 1218 1730 Spiritus
1244 1650 1394 1715 Sanctus

291 1766 398 1812 unum
421 1756 514 1813 sunt.
567 1750 632 1815 Est
648 1756 763 1814 autem
781 1767 823 1812 ea
840 1748 1001 1813 discretio
1022 1747 1059 1810 in
1082 1750 1248 1830 personis
1271 1756 1310 1813 ut
1332 1770 1394 1815 nec

293 1846 400 1912 Pater
430 1849 476 1913 sit
504 1849 626 1928 Filius,
656 1869 719 1913 nec
746 1848 853 1939 Pater
881 1848 927 1912 sit
958 1846 1107 1929 Spiritus
1139 1848 1299 1925 Sanctus
1331 1870 1394 1914 nec

292 1946 402 2011 Filius
427 1948 473 2012 sit
503 1949 622 2027 Pater,
648 1968 712 2013 nec
740 1947 852 2012 Filius
881 1947 927 2010 sit
955 1945 1105 2028 Spiritus
1139 1946 1300 2025 Sanctus,
1332 1969 1394 2013 nec

292 2046 443 2130 Spiritus
459 2047 609 2113 Sanctus
626 2049 672 2112 sit
687 2048 795 2112 Pater
811 2052 872 2109 aut
889 2045 1010 2110 Filius.
1064 2045 1136 2110 Res
1152 2048 1290 2128 quidem
1308 2048 1394 2112 diffi-

291 2146 367 2231 cilis
385 2156 438 2211 est
454 2147 632 2212 intellectu
649 2155 684 2212 et
699 2147 806 2211 aciem
823 2144 966 2210 rationis
981 2145 1141 2208 humanae
1157 2150 1368 2213 transcendit
1383 2171 1392 2227 3

292 2246 352 2308 sed
378 2253 477 2311 tanto
503 2247 697 2329 elegantius
718 2246 823 2309 habet
850 2243 929 2308 fidei
954 2245 1125 2320 meritum,
1152 2255 1282 2327 quanto
1309 2247 1394 2312 diffi-

292 2345 391 2409 cilior
414 2352 468 2413 est
488 2346 531 2409 ad
560 2345 777 2409 credendum.
830 2343 941 2407 Porro
966 2342 1048 2407 licet
1072 2343 1156 2407 nihil
1184 2346 1392 2426 inveniatur,

293 2444 385 2525 quod
401 2463 601 2527 expressam
618 2444 744 2509 habeat
758 2443 915 2519 unitatis,
931 2460 1010 2524 quae
1028 2443 1065 2506 in
1082 2444 1158 2507 Deo
1177 2452 1230 2509 est
1251 2465 1393 2512 summae

291 2542 487 2621 Trinitatis
512 2543 709 2625 imaginem,
731 2562 795 2607 nec
818 2542 925 2606 verba
941 2541 1047 2606 ctiam
1068 2542 1300 2622 inveniantur,
1317 2548 1392 2629 qui·

290 2643 356 2706 bus
373 2644 545 2726 possimus
562 2644 605 2707 de
621 2642 683 2707 illa
696 2642 847 2708 essentia
864 2641 968 2723 digne
982 2640 1089 2722 loqui,
1103 2642 1195 2725 quod
1211 2664 1393 2726 possumus

291 2748 408 2807 tamen
431 2743 609 2821 faciemus,
635 2749 671 2807 et
694 2743 794 2828 quasi
820 2740 1053 2805 balbutientes
1074 2760 1136 2824 per
1160 2743 1267 2807 verba
1291 2746 1392 2809 rebus

294 2842 552 2908 accommodata
571 2843 778 2907 transitoriis
798 2861 870 2905 rem
887 2841 950 2904 tibi
966 2840 1171 2905 ineffabilem
1189 2844 1391 2925 aperiemus.

294 2941 426 3005 Paulus
448 2940 627 3024 apostolus
649 2941 744 3017 dicit,
763 2939 845 3022 quia
859 2938 1065 3003 ‘invisibilia
1081 2940 1161 3018 Dei,
1179 2960 1241 3023 per
1259 2962 1301 3007 ea
1315 2964 1393 3027 quae

292 3041 385 3104 sacta
413 3047 507 3116 sunt,
528 3039 708 3104 intellectu
731 3037 1001 3121 conspiciuntur,
1026 3040 1236 3122 sempiterna
1257 3062 1395 3126 quoque

292 3139 506 3222 virtusejus
533 3146 568 3203 et
594 3133 778 3204 divinitas!
829 3137 922 3201 Vide
949 3156 1034 3219 ergo
1057 3146 1205 3203 mentem
1234 3140 1393 3221 bominis,

292 3257 417 3320 corpus
433 3238 537 3301 etiam
555 3238 668 3302 solare
687 3237 878 3315 considera,
898 3242 936 3301 ct
949 3236 1080 3301 videbis
1097 3238 1393 3326 qualitercunque,

292 3337 374 3401 licet
388 3336 537 3402 tenuiter
553 3344 589 3402 ct
604 3338 705 3421 quasi
726 3338 827 3402 oculo
851 3335 1061 3413 conniventi,
1078 3338 1251 3419 quandam
1272 3340 1393 3406 simili·

293 3436 447 3502 tudinem
462 3436 656 3502 Trinitatis.
710 3437 775 3501 Est
790 3437 826 3500 in
845 3441 960 3500 mente
981 3435 1128 3499 bominis
1152 3437 1394 3520 intelligentia,

293 3538 468 3613 memoria,
488 3543 524 3600 et
538 3525 712 3602 noluntas
764 3534 920 3598 Mentem
941 3541 1057 3598 autem
1078 3554 1241 3600 vocamus
1264 3558 1393 3603 memo·

292 3635 391 3712 riam,
426 3643 575 3698 mentem
602 3634 746 3697 dicimus
769 3632 1045 3714 intelligentiam,
1073 3641 1220 3699 mentem
1249 3636 1394 3704 dicimus

292 3733 518 3798 voluntatem.
556 3731 737 3807 Memoria,
754 3731 985 3812 intelligentia
1002 3740 1038 3797 et
1054 3734 1216 3799 voluntas
1228 3743 1311 3800 sunt
1325 3756 1395 3803 una

292 3850 410 3909 mens3
439 3831 499 3894 sed
523 3850 586 3895 nec
610 3832 774 3896 memoria
802 3838 857 3895 est
880 3830 1110 3912 intelligentia
1136 3833 1191 3896 vel
1218 3834 1394 3904 voluntas,

294 3931 339 3994 In
363 3930 483 3994 eodem
501 3951 644 4013 corpore
666 3932 749 3995 solis
766 3930 897 3994 radium
914 3928 1027 4008 video,
1045 3933 1158 3996 sentio
1175 3932 1337 4011 calorem,
1359 3948 1395 4006 et

292 4048 443 4110 agnosco
468 4030 703 4113 splendorem:
739 4030 813 4094 haec
839 4032 908 4094 tria
935 4030 1037 4093 unius
1059 4037 1140 4094 sunt
1164 4034 1336 4111 essentia,
1359 4045 1395 4102 et

293 4130 426 4193 nullum
444 4136 558 4193 tamen
573 4130 712 4194 illorum
730 4139 783 4194 est
799 4129 957 4193 alterum.
1009 4128 1066 4193 Sic
1088 4131 1123 4193 in
1143 4129 1204 4193 illa
1228 4129 1393 4199 ineffabili

292 4236 328 4293 et
354 4229 702 4312 incircumscriptibili
727 4228 838 4310 gloria
863 4228 1003 4292 deitatis
1023 4235 1077 4291 est
1101 4228 1211 4293 Filius
1233 4248 1255 4293 a
1276 4230 1393 4312 Patre,

293 4333 329 4390 ct
346 4324 494 4408 Spiritus
510 4327 659 4391 Sanctus
674 4329 718 4392 ab
734 4335 891 4409 utroque.
933 4325 1090 4409 Cumque
1107 4326 1214 4392 Pater
1230 4337 1265 4394 et
1282 4330 1392 4398 Filius

293 4431 328 4488 et
344 4424 493 4508 Spiritus
511 4424 660 4492 Sanctus
680 4426 834 4511 ejusdem
856 4426 1071 4504 substantia,
1094 4426 1248 4510 ejusdem
1272 4438 1394 4510 poten-

292 4524 351 4588 tiae
380 4531 415 4588 et
443 4524 564 4606 gloriae
587 4533 681 4603 sunt,
710 4546 777 4589 non
805 4532 888 4589 sunt
917 4532 1033 4589 tamen
1057 4531 1128 4589 tres
1159 4526 1240 4607 Dii3
1272 4530 1392 4595 sedin
