3384 5625
340 775 408 841 316
712 790 912 841 nsorronns
935 790 1068 840 viarm.

394 982 441 1051 et,
473 974 567 1037 facta
598 973 865 1051 examinatione,
898 971 1105 1038 auctoritate
1140 972 1331 1056 apostolica
1362 992 1444 1037 con·

394 1074 541 1137 firmata.
590 1072 841 1151 Veruntamen,
865 1074 947 1156 quia
973 1072 1016 1135 de
1044 1091 1192 1154 persona
1218 1073 1318 1137 electi
1343 1092 1443 1155 papae

393 1192 462 1236 non
493 1173 688 1248 constabat,
720 1173 815 1236 dedit
842 1191 995 1235 summus
1024 1172 1180 1254 pontifex
1210 1172 1246 1235 in
1273 1172 1445 1235 mandatis

394 1271 524 1335 Eliensi
563 1278 598 1334 et
630 1270 839 1334 Londinensi
874 1270 1056 1354 episcopis,
1087 1278 1137 1350 ut,
1176 1272 1242 1335 rite
1274 1271 1368 1335 facta
1399 1291 1444 1335 ex

373 1399 376 1404 ·
393 1389 541 1452 persona
555 1369 655 1433 electi
671 1369 938 1447 examinatione,
955 1369 1101 1434 eundem
1125 1372 1162 1434 in
1183 1371 1343 1434 abbatem
1363 1390 1444 1434 con·

393 1470 565 1533 firmatum
584 1468 837 1545 benedicerent,
860 1469 960 1551 plene
983 1469 1018 1532 in
1039 1489 1173 1533 omnem
1194 1477 1265 1533 tam
1283 1470 1443 1552 spiritua-

394 1570 479 1632 lium
502 1586 605 1651 quam
634 1568 875 1650 temporalium
904 1569 1235 1633 administrationem
1258 1570 1444 1633 instituen-

394 1676 458 1733 tes.
510 1666 598 1731 Post
620 1667 695 1730 haec
719 1674 834 1731 autem
855 1667 944 1730 idem
974 1668 1116 1745 electus,
1146 1669 1240 1733 facta
1262 1669 1442 1732 examina-

394 1768 487 1832 tione
504 1767 539 1830 in
553 1765 703 1830 crastino
719 1767 913 1831 nativitatis
932 1768 1041 1830 beatae
1059 1767 1195 1843 Mariae,
1213 1769 1248 1831 in
1259 1768 1444 1832 Dominica

393 1868 448 1931 die
474 1885 496 1929 a
517 1865 671 1946 Rogem,
694 1865 904 1929 Londinensi
926 1867 1100 1949 episcopo,
1118 1868 1200 1950 quia
1217 1869 1317 1931 ambo
1336 1886 1443 1948 nego·

394 1967 480 2030 tium
498 1966 641 2047 exsequi
665 1984 733 2028 non
757 1972 918 2047 poterant
939 1968 1045 2049 juxta
1062 1967 1262 2030 mandatum
1279 1966 1442 2049 apostoli-

393 2085 484 2142 cum,
513 2065 785 2128 benedictionem
815 2065 951 2128 abbatis
978 2065 1140 2147 suscepit.
1194 2066 1297 2147 Legit
1326 2072 1442 2128 autem

393 2165 525 2230 electus
540 2164 659 2227 literas
682 2164 819 2227 clausas
845 2171 881 2227 et
904 2164 1054 2228 bullatas
1073 2173 1154 2228 ante
1176 2165 1286 2229 altare
1301 2164 1443 2228 indutus

393 2264 592 2340 solenniter,
617 2263 741 2345 quibus
761 2270 865 2326 antea
883 2263 1075 2327 consimiles
1103 2284 1172 2327 non
1190 2263 1350 2339 vidimus,
1378 2264 1444 2327 sci-

392 2364 486 2439 licet,
504 2362 546 2424 de
567 2362 778 2443 profectione
802 2367 837 2424 et
854 2362 1035 2424 visitandis
1059 2363 1294 2443 apostolorum
1318 2362 1444 2425 limini·

391 2462 508 2525 busde
525 2460 671 2523 triennio
689 2460 724 2521 in
740 2458 944 2539 triennium3
969 2459 1060 2541 quod
1072 2461 1226 2541 graviter
1236 2463 1443 2542 accepimus.

392 2560 460 2624 Sed
477 2560 553 2623 baec
570 2565 691 2642 postea
707 2557 854 2641 plenius.

351 2701 409 2738 PAO.
433 2700 486 2738 uu.

341 2764 415 2841 326,
433 2764 485 2842 23,
497 2772 687 2848 promentur
741 2761 969 2827 traderentur.

341 2885 416 2966 327,
458 2892 488 2966 5,
504 2888 665 2952 ordinaret
730 2885 929 2949 ordinando
941 2883 1093 2967 juvaret.
1131 2883 1240 2948 Novit
1253 2883 1343 2947 euim
1360 2902 1439 2946 eum

567 2985 690 3050 verdum
760 3003 913 3047 summus
927 2984 1084 3065 pontisex
1096 2982 1241 3066 pecunia
1251 2981 1439 3061 abundare,

494 3086 576 3166 fidei
591 3106 675 3169 prae·
760 3091 807 3160 et,
834 3083 865 3144 si
894 3102 964 3146 non
993 3083 1195 3159 abundaret,
1224 3082 1441 3147 ministrante

503 3184 610 3249 dicore
761 3181 963 3263 episcopatu
1003 3182 1237 3247 Wintoniensi
1288 3182 1442 3245 abunda·

761 3287 889 3358 turum,
926 3287 961 3344 et
1000 3281 1122 3346 maluit
1159 3300 1238 3345 eum
1268 3280 1441 3344 effundere

762 3379 962 3444 thesaurum
988 3381 1149 3443 suumin
1176 3399 1240 3444 suo
1262 3381 1440 3463 obsequio,

762 3498 867 3561 quam
888 3479 1011 3543 alieno.
1056 3478 1232 3543 Praeterea
1257 3480 1346 3542 idem
1370 3481 1442 3561 epi-

761 3598 888 3660 scopus
914 3585 989 3641 erat
1009 3579 1045 3640 in
1073 3579 1238 3661 obsequio
1265 3579 1355 3660 regis
1379 3579 1442 3642 Ri-

754 3675 880 3740 chardi
908 3677 1087 3740 bellatoris
1113 3677 1287 3758 magnifici
1320 3677 1440 3741 diebus

761 3775 1003 3837 adolescentiae
1025 3793 1110 3850 suae,
1130 3775 1189 3837 ubi
1214 3776 1293 3856 plus
1320 3776 1439 3840 didicit

760 3871 797 3934 in
814 3870 905 3934 bello
922 3870 1097 3950 dimicare,
1113 3878 1147 3936 et
1159 3882 1275 3937 castra
1293 3876 1439 3939 militum

760 3972 932 4048 ordinare,
965 3990 1070 4054 quam
1107 3973 1278 4057 evangelii
1311 3976 1442 4039 semina

761 4071 980 4155 praedicando
999 4072 1179 4136 seminare.

295 4286 297 4290 ,
341 4208 416 4282 328,
433 4202 576 4286 :roffi
719 4168 807 4259 'Dei
824 4194 964 4259 etfidet.

341 4333 415 4406 330,
434 4331 487 4402 35,
504 4327 605 4391 cruris
737 4319 829 4382 addit
844 4318 972 4395 Paris,
997 4325 1032 4382 et
1055 4319 1247 4382 animarum
1274 4320 1439 4382 oberran-

761 4419 846 4483 tium
863 4418 1156 4482 lucrificationem.

338 4592 388 4605 .-
433 4548 484 4627 37,
497 4549 646 4635 perfectis
736 4543 829 4608 addit
846 4543 972 4621 Paris„
989 4550 1110 4626 utpote
1125 4543 1290 4624 magister
1306 4542 1329 4606 J
1332 4544 1438 4607 oban-
