3384 5625
673 794 875 843 nncrronns
897 795 1029 843 varin.
1090 853 1093 858 ,

294 922 369 1060 ddi,
383 922 439 1061 dd,
457 981 647 1068 patalaria
696 980 860 1062 pristinae.

295 1108 370 1183 329,
389 1109 441 1182 29,
461 1114 546 1170 tanto
565 1153 572 1167 .
589 1150 598 1169 .
617 1151 645 1169 ..
697 1104 810 1168 adhuc
841 1104 1059 1185 insurgentes
1090 1123 1167 1167 eum
1193 1104 1319 1169 acriter
1346 1106 1399 1169 in·

461 1211 614 1289 eoepmmt
719 1204 906 1281 festabant,
941 1202 1085 1267 dicendo
1116 1203 1158 1266 de
1190 1222 1282 1286 papa
1314 1204 1399 1268 illud

719 1304 969 1386 propheticum,
995 1302 1089 1367 ‘Vae
1115 1304 1174 1386 qui
1199 1303 1399 1386 justificatis

719 1403 887 1485 impium,'
903 1411 938 1467 et
952 1410 1088 1467 caetera.

297 1528 443 1603 330,18,
465 1523 555 1603 Qrwd
698 1523 779 1603 Qui.

295 1687 346 1697 —
391 1652 443 1728 23,
456 1657 485 1712 et
498 1648 645 1711 animos..
697 1655 733 1712 et
749 1648 862 1712 socios
878 1648 1065 1726 animante,
1078 1651 1232 1733 incoepta
1244 1654 1399 1716 deserere

463 1748 626 1811 martores
719 1747 895 1812 sordidum
909 1768 984 1812 esse
1000 1749 1306 1830 persuadebantur.

295 1910 347 1920 —
391 1869 648 1949 atudmdttiam
696 1871 815 1935 want.

294 2033 346 2043 —-
391 1998 443 2072 29,
459 1995 631 2059 intubum
698 1997 917 2073 abraserunt,
943 1996 1169 2079 importantes
1196 2017 1274 2079 quae
1305 2005 1400 2079 pote·

718 2104 810 2159 rant.

297 2222 373 2297 331,
412 2222 442 2296 8,
461 2213 582 2282 turtum
696 2218 784 2284 deest.

297 2386 347 2397 -
392 2345 444 2420 23,
459 2341 565 2406 aliem
579 2362 632 2404 us·
697 2343 819 2409 alienis
849 2342 1042 2420 inhiabant,
1073 2344 1333 2427 vespertiliones
1362 2354 1397 2410 et

456 2439 612 2525 pirabuat
719 2444 851 2520 exules,
879 2444 1178 2523 excommunicati,
1208 2444 1398 2522 homicidae,

719 2544 843 2625 quibus
861 2543 976 2624 patria
994 2542 1059 2606 fuit
1076 2544 1230 2621 exilium,
1254 2564 1323 2608 non
1345 2565 1398 2608 re·

719 2642 863 2723 fugium.

294 2802 346 2815 -
391 2764 442 2841 24,
447 2761 648 2848 perdurarunt
696 2766 928 2850 praebuerunt,
944 2764 1053 2829 eidem
1071 2764 1296 2832 adhaerentes.

295 2924 346 2934 —
390 2884 442 2964 27,
460 2888 622 2973 araphani
697 2889 930 2971 cognovisset.

298 3012 371 3088 332,
409 3008 438 3088 7,
452 3033 558 3076 ancara
580 3011 648 3075 loa-
676 3013 833 3094 .longius
861 3011 1085 3093 repellentes;
1118 3018 1153 3076 et
1175 3012 1205 3075 si
1231 3013 1280 3076 eis
1304 3013 1398 3077 suffi-

460 3113 533 3196 ndas
559 3120 647 3175 sata·
718 3118 835 3176 cerent
857 3112 1086 3175 instrumenta
1107 3111 1315 3176 defensionis
1338 3115 1396 3177 ob-

461 3219 563 3295 granatos
718 3211 822 3275 sessis
855 3211 945 3274 sicut
975 3210 1221 3288 obsidentibus,
1248 3212 1396 3295 impetus

717 3329 834 3374 eorum
851 3328 913 3392 pro
931 3308 1037 3373 nihilo
1054 3310 1265 3374 habuissent.

297 3475 347 3485 -
392 3431 647 3514 17,otafluett'·
695 3435 812 3500 daswat.

447 3531 501 3595 bas
509 3531 649 3596 &norati

295 3698 346 3709 -
390 3658 444 3734 19,
461 3656 517 3741 qwi
534 3656 645 3719 Gerae·
695 3659 738 3724 de
755 3657 971 3724 Jernemeue.

449 3753 646 3840 rmaauppd

450 3852 539 3919 brar

293 4019 344 4030 -
388 3979 441 4054 29,
458 3997 513 4041 aar
531 3998 589 4062 pas
695 3996 758 4040 nec
774 3994 864 4040 unus
879 3975 933 4039 de.

459 4097 540 4139 rurus
554 4097 591 4141 aa

293 4241 344 4252 -
388 4200 441 4276 30,
457 4197 555 4262 eruat
695 4195 854 4262 evaserit.
898 4194 1001 4258 Heu!
1024 4192 1111 4258 heu!
1135 4200 1220 4276 quot
1236 4193 1301 4259 suit
1317 4215 1397 4259 cau-

717 4315 766 4360 sae
782 4296 891 4358 ruinae
908 4293 967 4358 ille
978 4292 1001 4359 J
1004 4292 1157 4359 ohannes
1174 4313 1235 4357 rex
1246 4291 1395 4377 Angliae,

716 4397 884 4459 bonorum
928 4393 1114 4478 dissipator
1152 4402 1187 4462 et
1219 4394 1397 4460 discordiae

718 4494 916 4558 seminator.
