3384 5625
671 799 870 850 anemonas
896 803 1028 850 viarm.
1350 787 1399 850 67

343 1001 524 1047 cansarum
545 982 770 1048 varietatibus
789 982 1020 1048 exercitatum
1035 983 1129 1048 misit
1150 984 1196 1048 ad
1212 983 1394 1047 concilium

342 1082 385 1145 de
399 1084 560 1165 captione
577 1083 745 1148 dictorum
763 1083 1014 1166 episcoporum,
1029 1103 1133 1166 super
1148 1102 1219 1166 qna
1243 1092 1318 1147 erat
1333 1084 1394 1145 im-

341 1183 486 1263 peritus,
511 1202 549 1246 se
575 1184 625 1247 sie
651 1183 694 1246 de
717 1182 797 1267 jnre
830 1183 943 1247 secere
977 1202 1079 1265 posse
1109 1183 1329 1264 allegantem,
1359 1192 1395 1246 et

341 1281 472 1345 sactum
489 1282 581 1363 regis
600 1282 858 1362 defendentem
885 1289 921 1345 et
940 1283 1021 1346 licet
1043 1282 1144 1346 aliter
1165 1283 1276 1346 visum
1302 1291 1395 1345 esset

342 1381 487 1445 concilio
510 1400 615 1464 super
639 1381 788 1463 querelis
812 1382 849 1445 in
872 1382 1051 1463 episcopos
1078 1382 1194 1458 motis,
1219 1388 1255 1446 et
1278 1381 1393 1446 verbis

342 1480 423 1543 hinc
442 1481 522 1543 inde
544 1481 741 1563 propositis
766 1479 926 1545 kalendis
943 1480 1153 1563 Septembris
1169 1480 1322 1548 solutum
1339 1486 1393 1543 est

342 1580 536 1643 concilium.

303 1704 361 1740 Plo.
389 1702 442 1739 un.

292 1761 366 1840 227,
384 1765 435 1840 16,
451 1763 606 1830 exsulavit
692 1764 908 1849 proscripsit.

293 1889 368 1964 229,
387 1889 443 1965 25,
456 1888 619 1975 manipre-
692 1889 784 1953 addit
803 1888 929 1965 Paris,
947 1886 1096 1971 Eelipsis
1118 1887 1201 1952 solis
1223 1887 1317 1952 sacta
1337 1895 1391 1952 est

456 1996 510 2051 tar
713 2008 777 2073 per
810 1994 920 2052 totam
954 1986 1119 2070 Angliam
1152 1986 1325 2052 horribilis
1357 1994 1394 2051 et

714 2089 908 2153 tenebrosa.

293 2209 367 2283 230,
384 2210 436 2284 29,
452 2210 593 2301 mearat
692 2211 786 2276 addo
802 2209 929 2288 Paris,
948 2209 1079 2275 Eodem
1099 2230 1190 2274 anno
1211 2207 1391 2274 Galiridns

715 2310 758 2375 de
773 2310 989 2374 Mandavilla
1002 2309 1154 2374 firmavit
1163 2310 1286 2373 turrim
1301 2308 1391 2371 Lon·

714 2410 925 2474 deniensem.
969 2410 1089 2473 Idibus
1108 2408 1196 2472 Maii
1209 2407 1392 2473 Albericns

714 2508 757 2573 de
779 2508 866 2585 Ver,
900 2508 1164 2583 Londoniensis‚
1202 2506 1390 2584 occiditur;

713 2606 917 2672 Aldewinus
945 2606 1108 2670 fundator
1139 2606 1205 2670 suit
1239 2605 1392 2669 Malver-

713 2705 919 2770 niae.—The
935 2703 1072 2770 Cotton.
1096 2704 1164 2767 and
1185 2702 1392 2783 Cambridge

714 2805 818 2871 MSS.
841 2803 921 2883 add,
945 2803 1156 2869 ‘Destructa
1187 2811 1240 2868 est
1269 2801 1392 2866 civitas

714 2905 758 2968 de
797 2903 980 2969 Wintonia
1026 2904 1125 2970 xviii.
1160 2901 1231 2966 kal.
1265 2900 1390 2965 Octob.

715 3005 762 3068 Et
782 3012 905 3086 eaptus
931 3011 984 3068 est
1000 3004 1046 3068 R.
1062 3021 1177 3067 comes
1194 3000 1391 3065 Gloverniae

713 3102 769 3166 die
794 3103 1017 3167 exaltationis
1043 3103 1080 3166 S.
1098 3100 1233 3176 CruciS,
1253 3119 1316 3182 pro
1334 3119 1391 3162 cu-

709 3201 769 3285 jns
780 3201 983 3267 liberatione
994 3200 1190 3283 Stephanus
1204 3219 1266 3262 rex
1276 3198 1390 3263 dimit·

712 3299 822 3364 titur!

294 3427 368 3502 231,
406 3429 437 3503 8,
451 3425 535 3510 qaod
688 3422 763 3521 sed.

292 3583 343 3593 -
386 3549 439 3624 24,
457 3547 627 3634 deputatas
691 3546 785 3611 addit
807 3545 933 3622 Paris,
955 3545 1015 3626 qui
1033 3544 1098 3607 sibi
1122 3561 1292 3607 carcerem
1309 3541 1392 3604 fecit

665 3738 668 3743 Ι
713 3645 899 3730 specialem
915 3651 951 3708 et
966 3644 1105 3710 vocavit
1123 3640 1244 3706 Cloere
1257 3640 1373 3703 Brien.

296 3772 368 3846 233,
407 3773 439 3847 8,
457 3773 574 3837 ineant
588 3773 644 3838 ab·
693 3769 775 3834 The⁴
800 3769 917 3851 Royal
940 3768 1016 3832 MS.
1040 3767 1104 3831 has
1133 3766 1191 3830 the
1215 3765 1393 3846 following

462 3871 579 3937 baliam
715 3871 946 3934 curionsnote
963 3862 1393 3949 onthis'passage,‘Nota

715 3969 771 4031 bio
789 3966 940 4050 qualiter
960 3965 1138 4028 invasores
1156 3970 1193 4027 et
1207 3962 1393 4027 violatores

716 4067 872 4131 ecelesiae
888 4063 1135 4137 Ramesiensis,
1156 4060 1288 4124 scilicet
1305 4060 1394 4124 Wil-

715 4165 839 4228 lelmns
861 4164 905 4227 de
922 4159 1138 4226 Mandavilla
1157 4165 1193 4222 et
1209 4157 1284 4241 ejus
1302 4178 1393 4221 com·

716 4258 1304 4347 plioes‚reoedentespuniebantnr;
1324 4256 1393 4321 fac-

717 4363 745 4427 ti
769 4368 923 4426 amentes
950 4361 1041 4424 enim
1067 4358 1265 4428 canticabat
1285 4376 1393 4420 unus·

717 4462 865 4544 quisque
888 4459 1047 4542 Anglice,
1069 4457 1112 4520 ‘I
1136 4477 1179 4520 ne
1201 4455 1269 4519 mai
1292 4456 1394 4532 alive,
1465 4530 1469 4537 ,

719 4559 772 4622 ior
788 4561 913 4625 Benoit
928 4579 970 4624 ne
986 4559 1039 4622 for
1055 4552 1139 4621 Ive.’
1182 4555 1394 4637 Itatorqne-

1216 4670 1255 4712 rs
