3384 5625
649 752 851 802 nncrrouns
875 752 1007 801 viarm.
1329 738 1394 804 319

292 932 493 997 electionem
516 934 752 1014 nominarent;
775 936 842 999 rati
858 934 1033 999 habitione
1048 934 1143 1017 prius
1158 934 1285 999 eisdem
1303 936 1393 1001 elec·

294 1034 426 1097 toribus
459 1035 629 1117 promissa
656 1034 699 1099 de
726 1054 874 1117 persona
900 1054 961 1117 per
991 1036 1085 1117 ipsos
1111 1035 1222 1098 electa
1246 1043 1281 1099 et
1309 1035 1394 1118 ipsis

294 1131 514 1215 postmodnm
531 1134 720 1198 nominata.
772 1134 950 1197 Electores
974 1134 1142 1216 siquidem
1163 1136 1332 1216 praemissi
1350 1136 1394 1198 ad

294 1232 360 1296 hoc
380 1230 528 1296 officium
550 1253 628 1297 cum
650 1233 718 1297 Dei
736 1234 858 1297 timore
874 1233 1087 1310 accedentes,
1112 1253 1189 1297 cum
1209 1234 1394 1317 lachrymis

295 1338 331 1395 et
360 1332 573 1395 orationihus
606 1332 674 1395 Dei
703 1333 904 1395 invocantes
936 1333 1116 1409 auxilium,
1146 1332 1329 1413 diligenter
1359 1340 1394 1398 et

295 1430 454 1507 discrete,
484 1432 574 1495 sicut
600 1433 716 1495 exitus
743 1431 921 1507 indicavit,
948 1431 990 1496 de
1014 1431 1078 1495 hoc
1103 1432 1243 1513 negotio
1267 1439 1395 1496 tracta-

295 1536 439 1608 verunt3
463 1531 523 1614 qui
543 1551 604 1613 per
631 1531 747 1595 omnia
771 1530 979 1593 unanimiter
1003 1536 1039 1594 et
1061 1530 1287 1607 concorditer,
1315 1538 1394 1613 post

295 1635 466 1693 tractatus
496 1637 532 1693 et
557 1630 759 1694 collationes
786 1649 868 1693 suas
898 1647 1001 1711 super
1026 1629 1091 1692 hoc
1118 1628 1266 1707 habitas,
1295 1631 1394 1693 nohis

295 1728 408 1791 virum
421 1748 482 1810 per
497 1728 613 1793 omnia
627 1729 788 1793 idoneum
813 1729 849 1791 in
868 1729 1027 1792 abbatem
1042 1735 1243 1811 patremque
1266 1735 1301 1793 et
1315 1748 1395 1811 pas-

296 1834 406 1891 torem
423 1828 613 1909 elegerunt,
637 1835 671 1891 et
687 1821 905 1910 postmodum
922 1828 1069 1908 ingressi
1090 1828 1280 1910 capitulum
1296 1829 1394 1892 nohis

297 1945 399 2009 quem
416 1927 593 2008 elegerant
608 1928 884 2003 nominaverunt,
902 1927 1033 1990 scilicet
1045 1928 1185 1991 fratrem
1200 1927 1224 1991 J
1227 1928 1395 1991 ohannem

297 2024 341 2088 de
371 2024 544 2104 Hertsort,
570 2034 698 2090 nostrae
725 2027 947 2110 professionis
976 2026 1192 2103 monachum,
1218 2028 1308 2090 inter
1331 2047 1394 2092 nos

298 2125 343 2188 ab
366 2126 509 2208 antiquo
531 2126 691 2206 religiose
714 2132 749 2189 et
771 2125 1115 2208 irreprehensibiliter
1143 2132 1396 2191 conversatum.

299 2222 376 2288 Nos
390 2223 559 2305 siquidem
573 2225 700 2288 ibidem
715 2226 923 2288 unanimiter
939 2226 1141 2307 congregati
1159 2226 1195 2288 in
1212 2244 1395 2308 personam

298 2321 403 2400 illios,
430 2343 530 2406 quem
558 2325 733 2406 elegerant
760 2331 796 2388 et
825 2324 925 2387 nohis
951 2326 1227 2403 nominaverant,
1253 2344 1395 2389 concor·

297 2420 386 2486 diter
417 2424 653 2487 consensimus
687 2424 817 2505 absque
849 2425 941 2487 omni
970 2423 1141 2488 discordia
1169 2444 1231 2488 seu
1261 2430 1397 2490 contra-

296 2519 472 2598 dictione;
506 2523 648 2586 firmiter
680 2522 769 2585 enim
802 2522 983 2599 credimuS,
1021 2530 1141 2586 sancte
1166 2530 1277 2603 pater,
1303 2524 1394 2604 quod

296 2619 387 2684 idem
409 2621 538 2685 electus
568 2621 668 2685 nohis
689 2631 724 2685 et
742 2628 861 2685 nostro
886 2621 1092 2683 monasterio
1117 2640 1179 2702 per
1204 2622 1320 2684 omnia
1348 2623 1396 2686 sit

296 2718 451 2797 idoneus,
469 2740 546 2783 cum
564 2721 691 2803 inipso
708 2720 792 2783 nihil
813 2740 876 2783 cur
898 2718 979 2800 eligi
1001 2739 1070 2782 non
1091 2719 1230 2783 deberet
1245 2721 1395 2784 sciamus

297 2822 493 2903 reprobum,
508 2841 570 2885 nec
592 2821 628 2883 in
651 2841 692 2884 eo
715 2820 844 2904 aliquid
868 2819 1012 2883 deficere
1037 2820 1277 2902 perpendimus
1302 2822 1394 2902 quod

298 2937 408 2983 canon
435 2920 546 3001 exigit
573 2920 609 2983 in
636 2921 757 2984 electo.
811 2918 906 2983 Hino
932 2925 997 2995 est,
1016 2918 1259 3000 benignissime
1283 2928 1394 3000 pater,

299 3037 406 3105 quare
428 3039 503 3094 nos,
521 3020 581 3100 qui
603 3019 663 3082 filii
680 3020 788 3083 vestri
810 3037 929 3082 sumus
946 3024 981 3082 et
994 3018 1189 3082 immediate
1205 3017 1248 3082 ad
1267 3017 1395 3082 Roma·

298 3136 379 3181 num
395 3117 591 3199 pontificem
606 3125 816 3201 spectantes,
832 3118 931 3180 vohis
945 3117 983 3180 in
1006 3117 1098 3180 omni
1119 3137 1189 3199 qna
1211 3137 1394 3200 possumus

297 3217 531 3300 supplicamus
557 3217 750 3293 devotione,
767 3222 938 3298 quatenus
959 3215 1026 3277 Dei
1042 3216 1168 3278 intuitu
1189 3216 1282 3279 etad
1299 3216 1394 3282 leva·

297 3334 376 3378 men
401 3316 556 3380 ecclesiae
584 3323 725 3392 nostrae,
746 3334 825 3397 quae
849 3315 913 3378 sub
935 3313 1000 3376 hac
1022 3320 1189 3377 vacatura
1209 3315 1244 3376 in
1268 3333 1395 3397 magno

298 3414 441 3496 navigat
461 3416 614 3497 periculo
637 3416 701 3478 sub
723 3413 871 3477 seculari
893 3413 1050 3477 custodia
1067 3413 1269 3490 constituta,
1284 3414 1394 3478 electo

297 3521 417 3577 nostro
433 3515 564 3597 absque
586 3533 691 3578 morae
715 3513 893 3595 dispendio
913 3510 1014 3576 officii
1031 3511 1086 3573 sui
1101 3513 1395 3579 confirmationem

296 3612 561 3677 misericorditer
591 3612 808 3695 impendatis.
874 3611 951 3674 Nos
981 3617 1110 3688 autem,
1139 3618 1180 3676 ut
1206 3613 1394 3676 reverenda

295 3712 465 3775 sanctitas
480 3720 597 3777 vestra
613 3713 656 3776 de
678 3709 865 3794 praemissis
879 3711 980 3774 fidem
1002 3709 1129 3774 haheat
1153 3709 1395 3789 indubitatam,

297 3808 412 3890 sigillo
428 3812 573 3893 capituli
590 3812 701 3874 nostri
718 3811 760 3874 de
783 3811 956 3874 communi
971 3810 1078 3874 totins
1104 3818 1294 3875 conventus
1317 3830 1396 3875 con·

295 3926 399 3971 sensu
426 3908 490 3973 has
512 3911 631 3974 literas
656 3916 793 3973 nostras
818 3917 988 3990 patentes,
1012 3916 1047 3973 et
1068 3911 1117 3972 rei
1142 3917 1250 3991 gestae
1272 3910 1394 3974 seriem

296 4008 522 4086 continentes,
535 4009 679 4074 fecimus
693 4008 903 4088 consignari.

415 4172 612 4257 Rescriptum
621 4194 716 4258 popa
728 4170 854 4236 Elicnsi
869 4179 897 4236 ct
911 4169 1102 4234 Londiuuusi
1117 4170 1273 4256 episcopis.

346 4302 415 4367 His
428 4312 544 4369 autem
561 4305 670 4369 literis
695 4305 878 4386 diligenter
899 4303 1077 4386 inspectis,
1096 4301 1215 4367 habita
1231 4321 1309 4366 cum
1327 4303 1397 4367 fra·

295 4401 404 4466 tribus
436 4403 692 4479 deliberatione,
723 4403 893 4467 concessit
918 4422 1072 4467 summus
1100 4402 1256 4486 pontifex
1280 4421 1395 4466 monu-

293 4500 366 4564 chis
390 4501 487 4586 juste
519 4503 710 4586 postulata,
739 4502 916 4565 laboribus
946 4522 1064 4567 eorum
1092 4508 1237 4584 paterno
1269 4501 1396 4566 affectu
