3384 5625
633 777 832 826 nnermuns
856 780 990 830 vorum.
1295 767 1360 833 311

258 897 332 1036 iii,
351 897 407 1033 ii,
414 961 607 1045 fororoopoo
656 962 736 1026 inde
748 964 941 1029 consultius
959 965 1048 1030 foret
1064 967 1269 1036 laciendum.

423 1069 495 1123 orat

254 1211 308 1225 —-
352 1182 403 1256 28,
417 1179 565 1246 diabolici
656 1182 743 1246 diost.

132 1361 139 1368 .
256 1343 308 1356 —
351 1306 404 1380 30,
423 1311 517 1367 totam
656 1312 765 1369 totam
783 1307 1009 1391 adjacentem.

258 1430 334 1503 319,
374 1431 405 1505 4,
422 1438 607 1494 resoluerat
655 1429 692 1491 in
710 1430 859 1508 ovicula,
876 1434 1001 1514 anguis
1017 1433 1152 1498 lateret.

256 1590 308 1602 -
351 1552 405 1625 26,
423 1573 604 1638 quom...
656 1572 733 1617 eum
750 1574 852 1636 quem
870 1557 978 1622 ditavi
992 1559 1377 1639 inveniensinmagna-

403 1660 609 1736 pauperossot
678 1661 844 1735 egestate.

255 1812 307 1824 -
351 1745 403 1849 32,
421 1773 506 1838 loom
525 1822 534 1839 .
553 1822 605 1838 ...
654 1775 786 1840 scilicet
803 1775 905 1841 homo
922 1778 1050 1842 diaboli
1064 1787 1164 1844 esset.

424 1893 563 1937 otcarius

254 2029 306 2041 -
350 1995 404 2070 36,
423 1995 539 2062 heatus
552 2008 596 2063 ost
655 2017 747 2061 nune
761 2005 815 2061 est
832 1998 1086 2063 confabulatus.

256 2119 333 2194 320,
353 2121 405 2195 12,
421 2122 603 2186 utiliora...
655 2124 699 2187 ad
717 2125 930 2188 audientium
948 2125 1221 2201 aedificationem,
1239 2144 1283 2189 ne
1300 2144 1355 2188 res

419 2219 542 2284 molum
676 2231 748 2286 tam
775 2224 1005 2288 memorabilis
1027 2223 1159 2288 dierum
1182 2231 1356 2288 vetustate

675 2324 719 2385 ab
734 2323 887 2386 humana
902 2325 1066 2387 memoria
1082 2323 1248 2388 deleatur.

254 2480 306 2492 -
350 2441 403 2515 14,
421 2443 603 2511 oriona...
654 2447 893 2527 gravissimus.

421 2541 525 2607 diebos
540 2547 606 2610 rum

254 2665 329 2740 321,
347 2666 398 2742 22,
416 2665 552 2733 waima
652 2667 871 2732 comminuta.

252 2834 304 2847 -
348 2796 400 2872 23,
415 2790 484 2857 Viri
497 2803 603 2864 saort..
654 2790 712 2866 Et,
733 2791 824 2874 quod
850 2789 1075 2856 admiratione
1100 2790 1242 2872 dignum
1266 2799 1353 2871 erat,

420 2892 583 2959 credeban.
676 2910 740 2954 nee
769 2892 877 2973 porci,
909 2910 972 2955 nee
1000 2910 1094 2967 aveS,
1121 2910 1183 2953 nee
1212 2891 1353 2973 aliquod

421 3000 475 3055 tur
677 3010 787 3070 genus
810 2990 982 3066 animalis,
1008 2991 1122 3072 spicas
1153 2989 1209 3053 vel
1231 3008 1353 3076 grana,

676 3089 758 3153 lieet
779 3097 917 3153 matura
944 3095 1070 3166 essent,
1092 3088 1276 3153 voluerunt
1295 3108 1353 3151 ur·

677 3195 780 3268 gente
808 3194 923 3252 tamen
949 3187 1040 3251 same
1068 3196 1221 3268 gustare.
1274 3187 1353 3252 Visi

677 3293 758 3350 sunt
780 3294 896 3350 autem
920 3288 957 3348 in
980 3305 1070 3361 aere,
1091 3286 1273 3366 ingruente
1295 3306 1352 3350 ea·

675 3386 752 3449 dem
768 3390 984 3468 tempestate,
1002 3384 1115 3464 angeli
1137 3384 1300 3448 Sathanae
1315 3386 1353 3447 in

675 3486 813 3548 modum
837 3485 1013 3565 nigrorum
1041 3488 1237 3564 satyrorum
1266 3482 1353 3546 voli·

674 3591 800 3660 tauteS,
818 3590 853 3646 et
869 3602 930 3665 per
941 3599 1044 3662 agros
1062 3579 1281 3658 cursitantes,
1293 3583 1353 3663 qui

673 3701 783 3745 aereae
800 3688 991 3764 potestates
1005 3679 1252 3758 credebantur3
1278 3681 1353 3762 qui-

672 3783 738 3845 bus
768 3800 967 3846 concessum
996 3787 1097 3844 terrae
1126 3784 1162 3841 et
1184 3777 1352 3843 fructibus

671 3900 794 3945 nocere
809 3881 935 3958 fuerat,
953 3899 1065 3943 aerem
1083 3879 1337 3960 perturbantes

249 4046 302 4059 —
346 4015 398 4091 26,
416 4012 528 4076 dioiou
647 4001 735 4065 dmi·

252 4139 327 4216 322,
368 4139 401 4214 6,
417 4137 601 4200 malloo„
650 4123 823 4206 praecipue
842 4123 878 4185 in
902 4141 1018 4186 mense
1043 4121 1150 4198 lulio,
1172 4123 1263 4186 circa
1282 4122 1351 4185 les-

419 4235 525 4300 oblatae
673 4231 748 4287 tum
773 4221 809 4288 S.
835 4222 960 4284 Mariae
990 4221 1224 4303 Magdalenae‚
1251 4228 1351 4285 tanta

673 4321 869 4404 pluviarum
884 4320 1035 4385 irruebat
1051 4321 1244 4398 inundatio,
1257 4321 1350 4403 quod

672 4421 843 4485 ioenorum
862 4419 989 4484 cumuli
1004 4439 1122 4484 omnes
1138 4440 1215 4484 cum
1237 4421 1351 4504 ponti-

672 4523 737 4586 bus
751 4519 877 4602 ligneis
895 4519 1078 4601 perierunt.
