3384 5625
660 810 860 860 unchtonns
885 814 1017 865 VARlAE.

293 930 350 967 PAG.
374 930 426 969 ull.

283 989 358 1068 427,
377 995 429 1069 12,
438 1002 571 1076 porceto
579 1016 634 1079 pe-
680 993 724 1056 ad
740 1003 917 1075 peractam
933 1000 1261 1081 peregrinationem.

427 1094 634 1176 reprimimus

282 1213 356 1289 429,
394 1215 425 1290 6,
445 1215 603 1300 Tchpnooa
681 1212 857 1279 Thaneos

280 1372 331 1381 -
375 1338 427 1414 26,
445 1348 582 1403 amnento
681 1345 867 1402 momento.

278 1495 329 1506 —
373 1456 425 1537 27,
440 1461 523 1525 altro
537 1464 617 1526 orori
680 1459 772 1525 ultra
790 1480 930 1526 morem.

280 1582 354 1657 431,
371 1583 422 1659 29,
442 1583 606 1666 adjuravit
680 1581 857 1648 adunavit.

279 1704 354 1779 433,
374 1706 425 1781 15,
443 1706 533 1790 qnasi
679 1703 767 1769 deest.

278 1867 330 1879 --
373 1828 425 1903 29,
434 1838 628 1910 porrectas..
678 1836 899 1910 prospectum
919 1830 1156 1896 ...diffundit

438 1925 629 2007 dipsnnditnr

278 2086 329 2097 —
373 2050 425 2124 31,
440 2047 544 2111 urbem
562 2096 569 2110 .
590 2097 627 2116 ..
677 2048 771 2111 urbis
800 2068 822 2113 a
857 2049 1064 2115 Christianis
1100 2055 1254 2118 obsessio
1288 2056 1382 2156 facta

441 2145 575 2211 obsident
698 2145 773 2210 fuit.

278 2269 352 2344 435,
392 2271 422 2344 4,
437 2279 619 2335 renonent
678 2267 721 2331 In
735 2270 794 2333 the
810 2270 949 2336 Cotton.
967 2273 1044 2337 MS.
1061 2293 1120 2338 are
1133 2276 1283 2341 inserted
1299 2277 1380 2343 here

697 2367 757 2432 the
783 2372 896 2434 rubric
920 2371 989 2435 and
1013 2372 1157 2456 chapter
1181 2374 1378 2457 following:

698 2466 764 2530 ‘In
783 2470 991 2551 imaginibus
1015 2470 1235 2537 historiarum
1251 2478 1378 2558 reperi-

699 2574 756 2631 tur
785 2588 875 2632 anno
909 2568 973 2633 hoc
1004 2572 1186 2653 prophetia
1220 2574 1377 2639 Danielis

699 2666 1087 2748 Constantinopolitani.
1139 2669 1268 2735 ‘Anno
1308 2692 1377 2754 quo

602 2849 607 2858 Ι
698 2764 917 2830 annuntiatio
937 2766 1079 2830 Domini
1099 2768 1133 2831 in
1156 2768 1211 2833 die
1231 2769 1376 2836 Paschae

697 2865 888 2947 continget,
900 2865 1026 2930 Franci
1037 2871 1281 2934 restaurabunt
1292 2870 1378 2934 Ter-

697 2983 772 3027 ram
799 2963 1056 3041 Promissionis,
1087 2978 1122 3030 et
1151 2969 1377 3033 stabulabunt

697 3082 805 3146 equos
823 3083 906 3128 suos
922 3066 959 3128 in
979 3062 1156 3129 Palmaria
1171 3067 1214 3131 de
1233 3069 1375 3145 Baldac,

696 3169 732 3226 et
748 3161 858 3242 figent
872 3163 1023 3227 tentoria
1038 3182 1102 3227 sua
1113 3165 1206 3229 ultra
1219 3167 1375 3231 arborem

694 3260 833 3335 siccam,
856 3266 891 3323 et
906 3261 1025 3324 lolium
1047 3265 1257 3344 separabunt
1275 3285 1297 3328 a
1314 3268 1375 3329 tri·

694 3357 787 3420 tion!
838 3357 896 3420 On
911 3359 970 3422 the
987 3362 1122 3441 margin
1140 3362 1176 3423 in
1193 3363 1234 3425 B.

272 3523 324 3536 -
388 3487 420 3558 8,
439 3487 553 3550 Anno.
670 3481 919 3546 demut-The
946 3483 1073 3547 second
1099 3483 1236 3547 volume
1260 3486 1300 3549 of
1318 3487 1376 3550 the

331 3584 621 3651 MOLXXXIX.
695 3581 903 3664 Cambridge
921 3583 998 3647 MS.
1017 3582 1139 3664 begins
1157 3582 1251 3648 here.
1291 3585 1294 3590 ⁴

271 3744 322 3756 -
367 3707 418 3780 20,
437 3705 601 3790 Applicat
674 3701 868 3786 Anglorum
883 3715 919 3770 et
933 3724 976 3769 ea
993 3703 1156 3769 feraliter.

440 3825 491 3867 aar

271 3926 345 4001 436,
385 3926 625 4010 l,impodiretar
672 3923 908 4005 expediretur.

271 4083 323 4092 -
383 4051 415 4122 3,
428 4032 610 4113 anctoritate
671 4044 759 4108 deest.

270 4203 322 4213 -
367 4170 419 4245 10,
437 4169 606 4232 Cocleari-
672 4165 873 4251 Eodemque
902 4174 1057 4248 tempore
1085 4167 1291 4231 transmissa
1323 4178 1376 4233 est

433 4268 499 4331 ersi
511 4268 622 4332 „Bel-
694 4265 893 4348 hujusmodi
905 4265 1052 4346 epistola
1063 4265 1307 4330 cantuariensi
1322 4287 1377 4331 ar-

433 4365 552 4430 dawino
692 4364 936 4447 chiepiscop0:
972 4363 1240 4431 ‘Cantnariensi
1265 4366 1378 4430 archi-

693 4464 856 4546 episcopo
871 4462 1086 4530 Baldewino.

267 4623 319 4636 -
362 4586 417 4660 22,
435 4595 602 4650 merantur
671 4591 821 4649 constat.
1256 4681 1272 4724 2

1228 4689 1243 4722 ll
