3384 5625
666 763 869 812 nucrionns
893 763 1030 811 vasis.
1358 746 1403 814 53

295 887 368 1027 id}
382 888 441 1026 ug,
457 950 590 1036 capiccio
691 948 785 1013 addit
799 949 927 1026 Paris„
941 949 1115 1031 praecipue
1131 966 1153 1012 a
1171 946 1401 1013 Normannis.

292 1117 343 1127 -
387 1078 438 1151 28,
453 1073 609 1159 euporo
692 1075 955 1158 subjugaverat.

295 1196 368 1275 167,
385 1201 436 1275 11,
450 1198 581 1282 cjmdcm
693 1193 832 1259 Arabis.

290 1362 343 1375 -
386 1326 440 1397 34,
456 1322 628 1386 dictaverat
692 1319 852 1383 dictaret.

294 1446 367 1521 168,
383 1446 437 1518 10,
445 1443 518 1526 jem
692 1443 856 1507 nondum.

291 1608 341 1619 -
387 1569 492 1643 28,irc
508 1568 642 1652 prisco-
691 1569 909 1649 inipsorum.

454 1688 524 1730 rum

293 1790 641 1865 169,16,ctci...cd
692 1798 728 1853 et
751 1791 862 1854 eidem
888 1790 1076 1873 spopondit
1098 1792 1256 1855 omnibus
1276 1791 1395 1855 diebus

454 1890 564 1954 herere
714 1889 795 1953 vitae
811 1909 885 1953 suae
903 1890 1107 1972 obligatum.

290 2055 340 2066 -
386 2016 438 2089 25,
454 2022 493 2089 ct,
506 2016 551 2077 sic
563 2037 641 2100 cop
691 2014 783 2078 addit
795 2014 921 2091 Paris,
943 2014 1028 2098 Ipsa
1042 2035 1124 2080 vero
1145 2015 1258 2079 invita
1277 2017 1395 2098 nupsit

455 2114 509 2194 tiis
522 2116 641 2200 mappi-
714 2114 757 2190 ei,
774 2116 835 2178 sed
858 2122 1039 2197 parentum
1060 2126 1095 2178 et
1110 2116 1296 2179 amicorum
1315 2135 1396 2179 con-

446 2213 641 2293 ficccclcircr
713 2214 801 2277 siliis
817 2216 877 2277 vix
895 2215 1120 2296 adquiescens
1137 2214 1275 2277 tandem
1291 2215 1395 2279 taedio

456 2314 497 2376 tis
713 2314 837 2378 affecta
865 2313 1052 2396 adquievit.
1104 2313 1282 2378 Instantes
1304 2316 1394 2378 enim

715 2414 912 2496 importune
939 2415 1110 2491 dicebant,
1129 2413 1185 2476 ‘0
1213 2413 1393 2477 mulierum

713 2514 977 2594 generosissima
993 2531 1035 2576 ac
1053 2512 1262 2595 gratissima,
1282 2533 1344 2595 per
1359 2521 1393 2577 te

714 2613 930 2695 reparabitur
947 2610 1143 2693 Anglorum
1165 2613 1311 2694 genialis
1333 2631 1395 2676 no-

715 2713 843 2790 bilitas,
882 2731 960 2794 quae
994 2711 1053 2774 diu
1092 2711 1325 2792 degeneravit,
1358 2718 1394 2776 et

713 2812 827 2877 foedus
844 2832 1048 2893 magnorum
1069 2811 1261 2894 principum
1281 2811 1395 2875 redin-

712 2914 917 2994 tegrabitur,
929 2911 960 2976 si
971 2911 1188 2976 matrimonio
1203 2911 1393 2994 praelocuto

713 3015 917 3077 consentias.
971 3011 1074 3090 Quod
1100 3011 1130 3074 si
1161 3030 1230 3074 non
1259 3011 1392 3090 feceris,

713 3131 818 3176 causa
841 3114 909 3176 eris
930 3110 1090 3195 perennis
1104 3109 1293 3175 inimicitiae
1307 3131 1392 3193 gen-

712 3213 797 3274 tium
821 3212 1046 3288 diversarum,
1072 3218 1108 3274 et
1128 3211 1308 3290 sanguinis
1329 3211 1394 3273 hu·

713 3313 805 3373 mani
822 3311 998 3374 effusionis
1012 3305 1301 3373 irrestaurabilis!
1331 3309 1392 3374 Vi·

713 3410 798 3474 dens
838 3410 946 3491 igitur
981 3409 1080 3489 virgo
1115 3408 1392 3488 clementissima,

714 3510 806 3592 quod
829 3516 883 3573 tot
905 3516 941 3572 et
961 3515 1136 3572 tantorum
1159 3506 1311 3571 consiliis
1336 3527 1393 3570 ur·

714 3611 875 3691 gentibus
892 3608 1114 3691 adquiescere
1131 3607 1295 3689 oportuit,
1312 3626 1392 3689 quae

712 3728 788 3772 cum
822 3708 1021 3773 Christiana
1055 3715 1240 3771 matertera
1271 3715 1393 3771 sancta

712 3810 930 3872 sanctissime
961 3810 998 3871 in
1033 3808 1185 3871 claustro
1216 3806 1393 3887 religionis

713 3909 860 3971 educata
883 3907 1009 3983 fuerat,
1043 3913 1078 3969 et
1102 3914 1221 3970 votum
1251 3907 1393 3986 virgini-

713 4009 796 4070 tatis
814 4006 891 4071 Deo
913 4005 1156 4088 spoponderat,
1175 4012 1221 4080 et,
1239 4010 1278 4067 ut
1293 4005 1393 4068 multi

651 4094 654 4100 ¹
712 4105 904 4187 perhibent,
932 4105 1045 4168 velum
1080 4109 1280 4183 susceperat
1312 4122 1394 4183 pro·

713 4205 813 4266 fessae
849 4203 1038 4285 religionis
1071 4202 1162 4264 irata
1198 4199 1234 4262 in
1267 4201 1392 4264 mentis

712 4303 802 4366 dixit
840 4300 1080 4390 amaritudine,
1115 4299 1198 4362 ‘Ex
1236 4318 1305 4380 quo
1342 4301 1392 4364 sic

711 4408 850 4484 oportet
878 4402 963 4479 fieri,
993 4408 1169 4483 utcunque
1202 4401 1396 4478 consentio,

712 4502 772 4564 sed
797 4502 945 4565 fructum
966 4501 1098 4565 ventris
1122 4501 1201 4578 urei,
1220 4498 1311 4582 quod
1338 4508 1391 4565 est
