3384 5625
292 786 359 850 206
665 802 863 851 nscrrorurs
887 802 1019 850 varum.

293 985 524 1049 constantiam
551 1003 613 1065 per
642 984 837 1060 avaritiam,
868 983 1077 1065 significavit
1106 983 1138 1046 ei
1168 984 1261 1065 quod
1287 983 1397 1048 voluit

294 1084 547 1166 parlamentum
570 1082 695 1147 habere
712 1081 893 1164 pacificum
916 1102 993 1146 cum
1010 1102 1066 1162 θος
1098 1082 1190 1165 quod
1215 1103 1293 1147 cum
1317 1103 1397 1147 con-

294 1183 455 1246 cessisset
487 1182 681 1259 Hubertus,
712 1182 806 1246 misit
836 1182 1034 1246 Ludovicus
1070 1183 1209 1246 nuntios
1237 1183 1397 1248 solennes

294 1281 339 1344 ad
355 1301 445 1358 eum,
461 1281 620 1345 videlicet
636 1280 680 1344 ad
702 1281 886 1363 posticum,
903 1280 962 1363 qui
984 1280 1110 1345 adhoc
1128 1282 1396 1363 competen[te]s

294 1380 544 1462 videba[n]tur.
597 1380 699 1443 Missi
728 1386 810 1443 sunt
832 1380 939 1461 igitur
967 1381 1011 1443 ad
1036 1399 1112 1444 eum
1136 1399 1250 1445 comes
1276 1380 1394 1444 Sares-

294 1479 472 1557 beriensis,
488 1479 685 1543 Willelmus
704 1479 835 1544 scilicet
858 1478 1112 1561 Longa-spata,
1129 1478 1189 1561 qui
1212 1497 1330 1543 secum
1351 1479 1394 1543 ad

295 1579 465 1642 cautelam
480 1577 662 1641 ·Th0mam
690 1577 732 1641 de
759 1577 892 1659 Burgo,
919 1578 1060 1643 fratrem
1085 1578 1216 1643 scilicet
1241 1577 1397 1660 praedicti

297 1676 459 1752 Huberti,
486 1676 546 1758 qui
575 1678 734 1758 captivus
766 1685 840 1740 erat
871 1676 1058 1751 Lodowici,
1090 1684 1213 1760 captus
1235 1677 1395 1741 videlicet

296 1778 332 1839 in
355 1784 470 1840 castro
494 1776 660 1853 Norwici,
683 1783 719 1839 et
744 1784 815 1840 tres
844 1776 887 1839 de
916 1776 1138 1841 nobilioribus
1170 1775 1395 1840 Francorum.

299 1875 478 1939 Hubertus
496 1884 611 1939 autem
628 1876 769 1938 veniens
785 1874 829 1938 ad
848 1876 1020 1957 posticum
1039 1874 1140 1938 duxit
1156 1894 1272 1939 secum
1295 1876 1395 1956 quin-

298 1994 365 2056 que
392 1974 673 2038 arcobalistarios
702 1993 779 2037 cum
804 1974 939 2038 balistis
967 1974 1039 2038 suis
1067 1975 1230 2050 extentis,
1254 1974 1396 2056 spiculis

297 2074 484 2154 adaptatis,
505 2082 545 2137 ut
568 2074 598 2136 si
622 2093 709 2156 opus
735 2081 828 2137 esset
847 2093 916 2137 non
937 2080 1118 2155 parcerent
1142 2073 1298 2138 inimicis
1351 2074 1396 2136 Et

296 2172 347 2235 ait
370 2192 484 2235 comes
497 2171 705 2249 Willelmus,
724 2171 777 2235 ‘0
793 2172 963 2249 Huberte,
982 2192 1051 2236 non
1066 2180 1101 2235 te
1113 2171 1211 2249 latet,
1227 2178 1268 2235 ut
1282 2170 1395 2248 credo,

298 2289 390 2334 mors
412 2270 504 2351 regis
530 2270 552 2333 J
556 2270 701 2335 ohannis
730 2271 901 2351 quondam
925 2271 1053 2335 domini
1078 2271 1199 2347 nostri,
1224 2289 1288 2334 nec
1316 2288 1395 2334 con·

298 2368 383 2432 ditio
402 2368 590 2451 juramenti
616 2368 744 2432 domini
776 2369 956 2447 Ludovici,
988 2371 1047 2452 qui
1073 2368 1397 2434 incommutabiliter
1477 2387 1480 2391 ·

292 2467 438 2551 juravit,
460 2467 565 2549 quod,
592 2487 670 2530 cum
698 2473 849 2532 castrum
879 2467 944 2531 hoc
973 2469 1140 2533 violenter
1162 2468 1393 2550 occupaverit,

299 2585 418 2630 omnes
432 2566 469 2629 in
486 2586 528 2630 eo
545 2566 676 2630 inventi
690 2566 877 2649 suspendio
894 2568 1064 2648 peribunt.
1117 2567 1266 2631 Consule
1282 2566 1345 2630 tibi
1362 2574 1408 2629 et·

297 2665 419 2730 honori
441 2674 512 2730 tuo.
543 2659 648 2730 ‘Non
665 2665 793 2747 poteris
806 2666 866 2729 diu
882 2665 948 2731 hoc
964 2673 1116 2729 castrum
1133 2676 1271 2741 tenere;
1296 2665 1395 2729 forti-

298 2764 383 2830 tudo
411 2764 539 2830 domini
567 2764 736 2830 Ludovici
759 2765 882 2830 crescit
906 2766 1037 2843 diatim,
1068 2765 1236 2830 fortitudo
1268 2763 1396 2828 domini

299 2866 392 2945 regis
418 2864 584 2928 decrescit
603 2864 783 2928 manifeste
810 2864 939 2928 efficaci
960 2864 1092 2928 insultu
1114 2873 1150 2928 et
1174 2864 1395 2946 quotidiano;

299 2964 355 3026 vel
369 2963 491 3026 saltem
510 2963 625 3025 inedia
647 2963 773 3044 peribis
791 2964 857 3026 nisi
877 2963 993 3045 sapias
1015 2972 1050 3028 et
1066 2963 1218 3028 consiliis
1241 2963 1395 3044 acquies-

300 3079 372 3137 cas,
395 3059 491 3123 vides
520 3061 609 3122 enim
635 3060 728 3141 quod
757 3081 836 3142 spes
859 3081 1041 3126 succursus
1072 3062 1225 3126 evanuit.
1278 3062 1397 3125 Redde

299 3160 407 3241 igitur
427 3165 578 3221 castrum
605 3158 670 3222 hoc
695 3159 769 3223 sine
793 3179 897 3223 morae
918 3160 1098 3243 dispendio
1119 3170 1154 3224 et
1175 3161 1293 3241 aliqua
1314 3159 1396 3224 diffi-
1447 3170 1450 3175 ⁴

300 3258 429 3321 cultate
456 3256 593 3321 domino
620 3258 817 3334 Lodowico,
842 3279 905 3323 nec
928 3259 1101 3323 notaberis
1130 3259 1172 3323 de
1197 3259 1398 3323 infidelitate

300 3376 378 3420 cum
396 3376 464 3421 non
479 3358 592 3438 possis
607 3357 692 3420 illud
717 3357 865 3439 amplius
889 3366 1025 3434 tenere;
1051 3359 1148 3421 vides
1172 3357 1264 3440 quod
1286 3364 1397 3421 certa-

300 3457 361 3519 tim
378 3455 423 3519 ad
441 3456 641 3520 fidelitatem
656 3456 732 3539 eJus
754 3457 954 3521 confluunt!
1006 3457 1158 3520 Thomas
1181 3463 1295 3520 autem
1320 3476 1397 3519 cum

299 3555 485 3638 lachrymis
508 3555 598 3618 dixit
614 3556 756 3637 insuper
775 3555 885 3618 eidem
909 3556 1081 3633 Huberto,
1096 3561 1107 3589 ‘
1120 3555 1151 3619 Ο
1166 3554 1273 3619 frater
1293 3556 1396 3619 caris-

300 3655 397 3730 sime,
405 3655 566 3717 miserere
577 3653 628 3716 tui
639 3660 675 3716 et
686 3656 752 3715 mei
763 3661 798 3717 et
809 3655 959 3716 omnium
978 3661 1131 3717 nostrum
1150 3653 1398 3734 acquiescendo

300 3752 421 3814 horum
435 3752 588 3814 consiliis
602 3771 610 3828 ;
637 3752 687 3814 sic
704 3753 927 3814 enimomnes
950 3772 972 3815 a
993 3752 1193 3817 confusione
1207 3751 1398 3814 imminenti

299 3850 488 3931 poterimus
512 3848 672 3911 liberari.'
725 3849 771 3912 Et
789 3849 921 3913 addidit
943 3851 1055 3914 adhuc
1081 3870 1204 3926 comes,
1236 3849 1291 3913 ‘0
1317 3850 1396 3913 Hu-

299 3949 405 4021 berte,
424 3948 603 4028 acquiesce
619 3948 762 4011 consilio
773 3955 892 4012 nostro
906 3956 941 4013 et
955 3951 1128 4014 voluntati
1143 3949 1270 4012 domini
1286 3948 1398 4012 Ludo

300 4045 378 4120 vici,
395 4053 429 4108 et
447 4045 542 4109 dabit
566 4047 628 4109 tibi
646 4048 727 4129 jore
746 4047 964 4112 haereditario
990 4048 1226 4112 Norfolchiam
1247 4056 1283 4110 et
1297 4047 1398 4110 Suth-

299 4144 472 4220 solchiam,
489 4153 524 4209 et
539 4146 606 4208 eris
623 4146 753 4227 primus
770 4148 861 4210 inter
877 4148 1005 4212 amicos
1021 4146 1096 4229 ejus
1113 4155 1148 4210 et
1162 4145 1396 4223 consiliarios;

300 4244 354 4305 sin
379 4252 507 4320 autem,
531 4245 598 4307 iste
623 4245 776 4309 Thomas
801 4246 908 4308 irater
934 4253 1015 4309 tuus
1041 4245 1281 4327 suspendetur,
1301 4252 1337 4307 et
1358 4251 1396 4306 tu

300 4360 369 4402 non
383 4342 514 4405 leviora
530 4343 566 4403 in
583 4343 679 4406 brevi
695 4344 861 4425 patieris.’
905 4344 971 4408 Cui
988 4345 1181 4421 Hubertus,
1196 4342 1248 4406 ‘0
1270 4361 1397 4418 comes,

301 4438 456 4519 proditor
471 4457 630 4521 nequam,
653 4443 719 4505 etsi
738 4451 894 4508 mortuus
907 4444 953 4506 sit
967 4463 1030 4506 rex
1045 4442 1069 4506 J
1071 4442 1225 4507 ohannes
1240 4442 1398 4504 dominus

298 4541 417 4598 noster
438 4554 479 4599 ac
504 4537 611 4602 frater
633 4546 724 4616 tuus,
745 4542 898 4606 haeredes
915 4542 1019 4606 habet
1036 4548 1198 4622 nepotem
1212 4547 1321 4616 tuum,
1340 4539 1396 4601 cui
