3384 5625
293 759 359 826 240
665 773 866 824 unowanus
888 773 1021 822 VARIAE.

345 958 489 1021 salutari
519 964 553 1020 et
582 956 673 1020 omni
701 956 842 1032 honore,
861 962 895 1018 et
913 955 1028 1017 subito
1045 954 1243 1034 ignobiliter
1267 961 1321 1017 est
1345 973 1398 1017 se

344 1058 485 1140 pultus3
517 1064 551 1120 et
581 1056 630 1119 sic
661 1057 768 1119 vitam
800 1054 1030 1118 facinorosam
1062 1052 1229 1133 colligens
1262 1053 1398 1117 fructus

345 1176 486 1239 operum
512 1175 650 1219 suorum
672 1154 879 1218 horribiliter
900 1153 1110 1229 terminavit,
1138 1153 1239 1216 siccis
1262 1153 1400 1234 lachry-

344 1258 409 1319 mis
426 1255 667 1337 deplorandus.

305 1405 362 1441 Ple.
385 1404 437 1439 Llll.

296 1481 545 1565 138,12‚qm·a
695 1480 839 1542 multum
868 1480 1009 1563 adjutus
1041 1480 1283 1563 procuratione
1314 1480 1398 1543 Hu-

716 1580 804 1642 berti
836 1579 879 1642 de
911 1580 1029 1660 Burgo
1067 1598 1158 1641 nunc
1192 1578 1398 1662 justitiarii;

717 1686 751 1741 et
767 1697 799 1742 a.

295 1840 345 1849 -
390 1806 443 1879 20,
460 1801 624 1865 mullorum
694 1803 786 1866 addit
803 1804 929 1880 Paris,
946 1812 980 1868 et
997 1804 1290 1870 lamentationem.

297 1930 371 2001 141,
390 1928 442 2003 22,
458 1925 548 2009 lajas
566 1925 646 2009 repis
696 1926 852 1993 Henrici.

296 2052 369 2125 142,
386 2050 440 2123 12,
455 2046 623 2111 iarh'acreta
695 2051 868 2115 festinata.

297 2174 372 2245 143,
390 2174 442 2247 30,
459 2171 632 2233 manicaret
695 2175 870 2257 psalleret.

299 2298 373 2369 144,
394 2298 445 2371 20,
464 2293 603 2377 quadru-
696 2298 892 2379 sexaginta.

457 2392 548 2477 pinta

297 2554 348 2563 —-
392 2517 444 2594 26,
459 2514 530 2580 solet
697 2519 795 2595 solet,
816 2526 851 2582 et
871 2520 1046 2600 negotium
1066 2519 1176 2582 crucis
1192 2521 1304 2601 magis
1323 2541 1402 2603 pro-

719 2618 863 2700 sperari.

298 2787 349 2797 -
393 2744 447 2820 36,
457 2742 621 2827 placuitne
698 2742 934 2824 propitiatam.

301 2869 373 2939 145,
392 2868 443 2943 20,
459 2864 614 2929 incredal‘
697 2865 789 2928 addit
806 2865 932 2941 Paris„
949 2866 1037 2928 sicut
1054 2866 1239 2948 aliquando
1256 2866 1300 2930 ad
1315 2886 1401 2950 prae-

721 2965 925 3027 dicationem
939 2966 1095 3045 magistri
1108 2965 1253 3030 Oliverii
1271 2967 1308 3029 in
1317 2964 1401 3029 Ale·

720 3064 860 3125 mannia
877 3063 1098 3145 praedicantis
1115 3066 1255 3129 fecerat.

300 3230 350 3240 -
394 3188 447 3262 24,
466 3187 631 3271 quinqueu-
700 3188 981 3270 quinquennium,
1019 3189 1061 3250 ad
1094 3190 1242 3253 salutem
1279 3189 1402 3252 multo-

464 3287 573 3350 niam.
592 3334 626 3348 ..
722 3308 798 3349 rum
818 3295 854 3350 et
870 3287 1032 3351 honorem
1054 3290 1227 3371 praecipue
1250 3289 1403 3351 omnium

468 3385 628 3471 complere
723 3385 927 3468 Anglorum,
957 3387 1175 3452 laudabiliter
1196 3396 1300 3469 atque
1326 3388 1402 3451 feli·

468 3493 543 3548 rwot
723 3487 807 3549 citer
823 3487 1091 3570 coinpleverunt.

304 3613 379 3687 148,
397 3612 448 3688 26,
459 3609 573 3695 popul'
702 3611 782 3674 fidei
800 3609 1021 3675 Christianae.

464 3708 636 3772 Christiani

304 3835 379 3907 150,
416 3835 447 3907 1,
454 3830 557 3913 faisse
573 3876 580 3890 .
599 3877 606 3891 .
628 3877 634 3891 .
702 3830 737 3892 in
764 3829 906 3892 civitate
930 3828 1068 3908 Assisii,
1096 3833 1203 3914 coepit
1228 3834 1404 3898 miraculis

469 3929 618 4013 mipruoit
724 3947 914 3992 coruscare.
972 3930 1026 3995 De
1061 3952 1130 4013 quo
1164 3932 1213 3994 sio
1244 3941 1405 3997 narratur

725 4029 923 4109 contigisse.

306 4152 378 4226 152,
398 4152 452 4226 15,
467 4150 600 4235 despecit
704 4152 954 4233 despexissent.

305 4275 379 4349 153,
400 4271 628 4358 12515555-
704 4275 990 4359 praedicatorum
1012 4278 1408 4362 0.-Addera1-is.,qui

473 4394 543 4434 rma
728 4376 882 4439 Minores
902 4377 1072 4441 dicuntur.

305 4532 355 4546 -
400 4494 454 4566 25,
472 4493 604 4577 regiones
703 4498 791 4563 deest.
