3384 5625
345 718 390 781 92
718 736 919 783 nnorronns
944 738 1077 785 varim.

346 859 420 996 ddja,
438 860 491 997 dd,
513 919 696 984 Nouembris
747 920 839 985 addit
857 921 981 999 Paris,
995 931 1030 987 et
1043 922 1187 986 vinculis
1199 926 1450 1007 mancipantur.

345 1089 395 1099 -
438 1080 483 1092 -
509 1043 671 1108 Comitissu
747 1046 840 1110 addit
856 1047 982 1125 Paris,
999 1049 1148 1130 superba
1160 1048 1273 1113 nimis.

509 1165 579 1207 noro

345 1313 396 1325 ..
441 1270 495 1346 26,
503 1268 675 1353 pretiosum
748 1289 826 1333 cum
842 1290 979 1352 gemma
993 1274 1252 1354 pretiosissima.

346 1437 396 1448 -
441 1395 493 1470 28,
510 1389 642 1455 hostibus
748 1392 866 1458 hostes
884 1415 976 1459 suos.

510 1512 574 1555 suu

347 1614 423 1691 375,
460 1618 491 1688 4,
501 1615 674 1699 prosatum
749 1621 984 1678 memoratam.

345 1784 395 1793 -
455 1738 695 1821 &filionisuuuu
750 1738 856 1800 filium
881 1758 993 1815 suum,
1018 1738 1191 1803 dominum
1217 1760 1330 1822 regem
1355 1742 1450 1824 juni-

510 1837 697 1921 Rudulpltuo
771 1857 876 1911 orem,
897 1838 1103 1921 Radulphus
1119 1859 1266 1921 quoque.

344 2000 393 2013 -
439 1966 489 2040 14,
499 1960 645 2047 profecti,
749 1968 871 2024 contra
886 1962 998 2043 ipsum
1016 1962 1160 2043 profecti
1177 1971 1269 2040 sunt,
1287 1972 1323 2026 et
1338 1984 1427 2027 cum.

507 2080 576 2124 oum

345 2229 395 2239 ..
441 2187 491 2261 18,
503 2189 696 2247 cruentorum
751 2179 845 2243 addit
862 2179 990 2256 Paris„
1005 2181 1303 2262 stipendiariorum
1320 2184 1452 2266 stipato

770 2280 976 2360 agminibus

345 2450 395 2459 ..
440 2407 493 2479 19,
498 2400 697 2487 praebuerunt
748 2402 901 2484 episcopi
917 2404 1147 2484 praebuerunt.

345 2572 395 2581 -
440 2531 494 2604 20,
509 2526 661 2608 truossro-
749 2526 842 2589 addit
871 2525 996 2603 Paris,
1026 2536 1244 2610 paraverunt,
1273 2528 1333 2591 sed
1364 2549 1450 2591 nun-

511 2626 640 2690 tandum
772 2645 875 2707 quam
892 2627 984 2689 ultra
1000 2626 1083 2689 illud
1111 2633 1247 2710 tempus
1266 2647 1381 2691 comcs
1405 2628 1449 2692 ad

770 2726 908 2808 plenum
922 2727 1114 2809 respiravit.

346 2849 492 2930 376,12,
513 2850 696 2915 louociuom·
748 2847 1060 2913 latrocinatoribus.

509 2947 596 3012 ribus

345 3071 420 3150 377,
437 3075 491 3146 21,
507 3071 624 3136 cunctis
747 3067 881 3131 cunctis
898 3067 1127 3132 audientibus.

344 3194 421 3275 379,
440 3200 494 3273 28,
512 3195 630 3258 comitis
745 3190 833 3255 duest.

344 3324 417 3398 382,
455 3315 696 3396 Ldouomuuuis
747 3316 838 3399 apud
856 3316 1147 3381 Caenomanniam.

342 3485 393 3497 -
454 3445 485 3519 9,
500 3465 554 3507 reo
568 3451 669 3506 uuum
748 3463 811 3506 rex
845 3451 960 3505 autem
991 3442 1134 3506 formam
1165 3441 1309 3506 induens
1341 3446 1450 3526 patris

769 3540 931 3616 familiaS,
964 3540 1128 3604 redeunte
1163 3541 1233 3606 filio
1267 3563 1331 3605 suo
1369 3565 1449 3625 pro-

722 3641 724 3643 ’
766 3640 858 3721 dig0.

341 3805 391 3815 -
436 3765 488 3839 29,
506 3757 636 3846 iucopit¹
744 3763 836 3827 addit
854 3763 980 3839 Paris,
1003 3764 1133 3830 Eodem
1156 3785 1245 3829 anno
1266 3765 1448 3829 concilium

767 3863 928 3944 generale
952 3863 1107 3928 habitum
1135 3872 1188 3929 est
1210 3865 1303 3947 apud
1331 3864 1447 3929 west-

766 3963 1013 4026 monasterium
1036 3965 1156 4046 quinto
1179 3964 1311 4027 decimo
1329 3962 1448 4027 kalen-

767 4063 828 4124 das
838 4062 861 4126 J
864 4062 937 4139 ulii,
950 4063 1155 4144 praesidente
1166 4062 1447 4139 Richardo‚Can·

712 4182 715 4187 ·
766 4162 932 4225 tuariensi
961 4162 1217 4244 archiepiscopo
1249 4171 1285 4226 et
1310 4170 1447 4243 aposto

766 4261 842 4324 dicae
866 4261 956 4323 sedis
986 4260 1110 4341 iegato.
1165 4261 1326 4342 Rogerus
1353 4280 1447 4335 vero,

378 4436 515 4498 'lmepitq
540 4437 594 4485 roe
617 4437 769 4498 Cambridge
792 4434 835 4500 (on
858 4436 901 4484 the
936 4436 993 4484 dem
1004 4436 1171 4484 annocivitns
1182 4437 1445 4499 Rothomagensisob-

341 4503 450 4571 margin)
462 4506 511 4553 and
528 4506 626 4558 Cotton.
642 4507 717 4557 MSS.
735 4507 822 4567 insert,
833 4507 841 4532 ‘
852 4507 901 4553 Eo·
937 4519 1008 4554 sessa
1019 4500 1074 4554 est?
