3384 5625
294 771 360 835 284
633 818 635 821 .
665 780 864 828 nncrrouns
891 778 1022 828 vnnrn.

309 912 365 947 Plo.
392 911 443 946 llll.

296 976 368 1048 269,
410 974 439 1047 6,
458 972 581 1057 sionem
600 972 645 1034 oi·
695 969 864 1033 vidissent
894 968 1091 1049 vestigium,
1128 975 1309 1049 suspectas
1344 968 1407 1031 ba-

462 1072 576 1135 1111111
716 1070 836 1132 bentes
862 1066 1132 1131 Pictaviensium
1160 1067 1299 1131 innatas
1322 1088 1402 1131 ver-

716 1168 836 1231 sutias

293 1336 343 1346 -
389 1297 442 1369 20,
456 1292 634 1379 setaqedaut
695 1298 909 1373 satagentes
934 1291 978 1354 ad
998 1290 1084 1353 illud
1108 1310 1244 1368 nomen,
1261 1292 1354 1373 quod
1370 1293 1402 1355 ei

716 1412 777 1474 per
786 1391 959 1474 quoddam
974 1392 1182 1473 praesagium
1200 1391 1320 1455 datum
1335 1399 1402 1469 est,

716 1492 849 1555 scilieet
869 1491 892 1554 J
896 1492 1048 1555 ohannes
1069 1491 1232 1568 extorris,
1247 1490 1319 1555 fere
1341 1492 1400 1555 de·

716 1597 905 1656 truserunt.

294 1759 343 1769 -
390 1720 444 1793 25,
458 1717 526 1779 Iden
545 1725 645 1779 eutem
687 1717 856 1800 jactitans
880 1734 917 1778 se
942 1714 1088 1779 arduum
1112 1724 1147 1779 et
1169 1735 1239 1779 non
1255 1714 1400 1778 scurrile

715 1815 804 1881 velle
816 1823 852 1878 et
869 1815 956 1879 scire
973 1816 1055 1879 dare
1070 1816 1263 1892 consilium,
1279 1821 1400 1896 utpote

716 1916 776 1997 qui
805 1914 991 1997 aliquando
1018 1916 1199 1979 consilium
1226 1917 1263 1979 in
1293 1914 1399 1996 parti-

716 2016 781 2078 bus
803 2014 1028 2079 orientalibus
1051 2016 1144 2079 rexit
1157 2014 1347 2098 imperiale,
1362 2021 1399 2078 et

716 2115 807 2197 quod
825 2122 897 2178 tam
914 2113 1095 2178 Saracenis
1115 2134 1217 2197 quam
1238 2114 1316 2178 aliis
1338 2133 1397 2177 na-

717 2215 868 2278 tionibus
885 2223 960 2278 erat
983 2214 1168 2297 prudentia
1185 2215 1261 2299 ejus
1282 2213 1397 2277 formi-

716 2313 850 2376 dabilis.
894 2314 973 2377 Rex
985 2322 1113 2392 autern,
1124 2315 1158 2377 in
1175 2322 1306 2397 partem
1321 2314 1396 2397 Jam

716 2432 874 2476 reversus
890 2414 1104 2478 deteriorem.

295 2574 345 2584 -
390 2538 442 2612 31,
460 2533 635 2597 traderetur
692 2537 884 2618 puniretur.

296 2658 370 2737 270,
389 2662 442 2734 15,
457 2681 558 2723 sorore
571 2681 628 2723 suo
694 2679 812 2724 sorore
827 2680 892 2725 sua
909 2660 1070 2725 Isabella.

294 2827 344 2837 —
390 2786 441 2861 25,
459 2784 572 2848 sororis
586 2806 647 2850 sdae
678 2784 877 2864 ·foemineis,
896 2792 971 2850 erat
990 2786 1080 2851 enirn
1099 2786 1153 2851 vir
1171 2787 1296 2852 nobilis
1317 2807 1398 2871 pec-

717 2885 812 2949 toris,

295 3049 345 3060 -
391 3010 444 3081 26,
461 3009 590 3071 ostendit
694 3008 900 3071 ostendisset
916 3008 1049 3074 mulier.

296 3133 372 3203 271,
393 3131 442 3206 15,
457 3131 633 3194 Moreseal-
693 3131 787 3194 addit
805 3131 931 3211 Paris,
949 3135 1047 3198 miles
1062 3135 1351 3219 incomparabilis.

460 3229 508 3292 lus

295 3396 345 3406 -
390 3357 440 3431 18,
459 3356 513 3439 qui
527 3357 570 3419 eis
585 3358 645 3421 od·
694 3375 763 3417 non
790 3356 1011 3437 ignobilibus,
1040 3358 1106 3421 sibi
1126 3378 1167 3422 eo
1190 3359 1397 3424 adbaerenti·

459 3455 611 3520 daeredont
716 3456 792 3518 bus.

295 3621 344 3630 -.
390 3581 443 3657 19,
459 3602 513 3644 m
693 3595 753 3638 rex
772 3575 913 3658 Angliae
927 3577 1113 3644 Henricus.

294 3741 344 3752 -
389 3703 441 3777 21,
459 3703 545 3766 dedit
692 3698 785 3761 addit
808 3698 932 3778 Paris,
957 3702 1087 3768 addens
1113 3705 1266 3768 dolorem
1292 3724 1397 3787 super

715 3795 880 3874 dolorem,
906 3801 1050 3866 vulnera
1069 3804 1293 3886 imprimendo
1318 3805 1395 3869 vul·

715 3896 866 3961 neribus

292 4050 343 4060 —-
388 4016 645 4092 35‚.Nortoolliae
693 4024 844 4120 Walliae.

293 4135 368 4212 272,
409 4142 556 4216 Leontio
568 4164 665 4228 renem
693 4147 808 4213 (11111111.

291 4299 341 4308 -
407 4267 439 4340 3,
455 4285 590 4350 dssdmp·
691 4271 780 4336 deest.

454 4363 546 4426 tionis

288 4524 338 4533 -
405 4487 596 4561 5511111111
689 4495 781 4558 addit
808 4497 935 4577 Paris,
954 4508 988 4565 et
1010 4521 1053 4564 ex
1079 4503 1243 4568 Flandria
1267 4505 1393 4570 Balde·

711 4595 821 4659 winus
840 4598 882 4660 de
897 4598 1036 4681 Gysnes
1053 4621 1129 4665 curn
1146 4623 1210 4668 sua
1224 4605 1394 4669 custodia.
