3384 5625
669 810 870 861 nnc‘rrouns
894 810 1028 858 vnnrn.
1329 791 1394 855 285

292 941 365 1079 lli,
386 940 436 1078 ull,
449 1000 606 1085 praecenit
687 998 780 1062 addit
794 997 919 1073 Paris,
936 1014 1167 1060 numerosum.
1206 994 1285 1059 Hoc
1299 1012 1390 1057 anno

712 1104 869 1161 mortuus
882 1109 934 1160 est
944 1096 1109 1160 Warinus
1128 1095 1254 1158 Basset
1275 1094 1310 1155 in
1333 1093 1394 1156 ob·

712 1197 845 1260 sidioue
869 1204 905 1260 et
926 1196 1056 1259 insultu
1082 1195 1189 1258 castri
1216 1194 1259 1257 de
1284 1192 1395 1255 Kaer·

712 1296 772 1360 dil.

294 1416 366 1496 274,
404 1421 436 1494 9,
452 1418 549 1481 nocta
691 1420 803 1484 noctis
820 1420 907 1483 hora
923 1420 969 1482 in.

293 1579 344 1588 —
388 1544 441 1616 12,
458 1538 576 1604 castelli
691 1543 784 1608 addit
800 1543 925 1618 Paris,
943 1542 1038 1605 facto
1058 1542 1136 1623 pius
1158 1548 1193 1604 et
1209 1540 1396 1604 sceleratus

715 1643 844 1707 eodem.
915 1677 917 1683 ·

297 1761 371 1841 275,
410 1767 439 1840 4,
458 1763 607 1827 rodmunt
694 1769 822 1852 raptim
838 1767 1016 1832 reducunt.

295 1932 345 1941 -
389 1891 441 1965 22,
458 1888 555 1951 incito
694 1891 903 1956 concedente
920 1889 981 1953 sed
998 1889 1119 1953 invito.

695 2015 752 2079 On
776 2006 991 2095 the'margin
1015 2011 1055 2075 of
1072 2012 1115 2075 B.
1132 2013 1162 2075 is
1180 2011 1316 2075 written
1341 2010 1400 2074 the

718 2114 896 2193 following
912 2111 1039 2187 rubric‚
1050 2116 1060 2144 ‘
1072 2111 1125 2174 De
1143 2110 1244 2174 factis
1257 2111 1312 2175 vel
1327 2111 1398 2173 dio-

719 2215 764 2277 tis
794 2213 905 2296 ipsius
941 2211 1078 2275 comitis
1110 2230 1179 2274 non
1212 2216 1266 2273 est
1298 2210 1399 2273 modo

720 2313 866 2377 multum
882 2310 1087 2389 curandum3
1104 2308 1291 2392 aliqnando
1308 2310 1398 2372 enirn

721 2413 788 2477 Dei
810 2412 864 2476 ira
880 2419 916 2475 et
932 2410 1145 2475 occultorum
1168 2409 1254 2472 ultio
1273 2428 1402 2471 memo-

721 2514 805 2577 riam
823 2512 976 2575 omnium
992 2517 1166 2591 gestorum
1185 2528 1325 2571 snorum
1339 2527 1401 2570 ex-

721 2611 875 2674 sufflavit
899 2630 976 2673 cnm
1000 2609 1073 2673 vita
1100 2608 1308 2685 multornm3
1340 2607 1401 2669 sed

723 2712 804 2793 quia
829 2717 913 2774 tunc
931 2708 1146 2784 credebatur,
1165 2726 1242 2770 curn
1259 2707 1402 2783 viveret,

723 2811 814 2894 quod
845 2808 986 2892 aliquod
1019 2807 1163 2872 arduum
1192 2816 1228 2871 et
1260 2806 1401 2889 dignum

722 2911 887 2977 memoria
915 2909 956 2972 de
984 2929 1025 2972 eo
1057 2908 1170 2971 fuerat
1204 2906 1403 2981 affuturum,

721 3011 856 3093 plenius
876 3009 985 3091 ipsius
1009 3017 1108 3089 gesta
1129 3007 1401 3089 explicavimus!

722 3111 836 3174 There
852 3111 882 3172 is
899 3108 980 3172 then
1002 3108 1111 3171 added
1135 3107 1193 3172 the
1214 3115 1307 3184 note,
1322 3112 1332 3140 ‘
1347 3107 1402 3171 Ne

723 3229 822 3274 cures
838 3227 948 3289 usque
965 3207 1031 3271 huc
1051 3200 1185 3300 Η-Η-(ξ
1203 3226 1225 3270 a
1240 3208 1316 3288 sign
1332 3226 1405 3270 cor·

723 3307 934 3390 responding
950 3306 1033 3369 with
1057 3326 1122 3370 one
1145 3315 1182 3371 at
1202 3307 1260 3370 the
1283 3307 1349 3368 end
1370 3305 1410 3368 of

726 3409 783 3473 the
801 3405 983 3471 marshal's
1000 3405 1144 3488 history.

305 3531 379 3610 276,
397 3535 450 3607 15,
465 3531 599 3616 episcopi
702 3534 790 3599 deod.

305 3701 355 3710 -
400 3659 453 3733 18,
472 3675 570 3738 quos.
589 3700 596 3714 .
617 3701 624 3714 .
645 3700 653 3717 .
705 3659 751 3723 Et
773 3659 852 3722 aliae
875 3653 1084 3721 favorabiles
1103 3669 1270 3733 personae,
1287 3659 1408 3734 utpote

469 3752 651 3817 Proditores
728 3759 870 3823 Fratres
896 3755 1147 3819 Praedicatores
1177 3756 1213 3816 et
1239 3750 1406 3830 Minores,

472 3850 657 3918 eosooeobot
726 3877 813 3943 quos
831 3877 893 3921 rex
912 3857 1015 3920 solito
1037 3854 1267 3918 venerabatur
1289 3862 1324 3917 et
1345 3873 1408 3917 ex·
1479 3879 1481 3882 ’

727 3959 872 4033 audivit,
891 3976 968 4019 eum
983 3954 1151 4017 attentius
1171 3953 1409 4029 hortabantur,

728 4064 768 4120 ut
793 4057 869 4138 ipse
898 4054 1014 4117 debita
1041 4051 1223 4114 dilectione
1256 4049 1409 4114 homiues

728 4173 811 4219 suos
833 4153 1009 4217 naturales
1032 4149 1187 4214 studeret
1208 4149 1410 4231 amplexari,

729 4273 816 4339 qnos
832 4256 962 4335 absque
971 4250 1104 4337 judicio
1121 4249 1254 4332 parium
1269 4268 1408 4313 suorum

730 4360 902 4437 coegerat·
933 4352 1074 4417 exulare
1109 4357 1278 4427 extorres,
1312 4350 1412 4414 villas

731 4473 847 4518 eorum
864 4458 1088 4528 cremaverat,
1106 4451 1224 4534 sylvas
1242 4457 1277 4514 et
1294 4469 1410 4532 poma-

731 4555 783 4618 ria
809 4553 1015 4630 succiderat,
1041 4558 1077 4614 et
1098 4558 1224 4632 stagna
1249 4550 1411 4614 destrux-
