3384 5625
670 810 871 858 nncrronns
895 810 1027 858 vnnrm.
1335 796 1399 860 141

302 934 360 970 Pac.
380 933 430 969 [ΙΝ.

291 998 364 1072 121,
404 999 436 1071 5,
451 1005 556 1060 octavo
692 995 784 1060 addit
812 995 936 1072 Paris,
963 995 1066 1061 ¹lstis
1097 996 1218 1062 diebus
1247 1000 1399 1063 surrexit

716 1098 752 1159 in
764 1096 913 1159 Francia
926 1097 1065 1177 quidam
1082 1097 1288 1179 praedicator
1300 1118 1397 1179 egre-

717 1197 808 1276 gius,
840 1215 901 1277 per
931 1215 1032 1278 quem
1055 1196 1226 1260 Dominus
1252 1199 1423 1261 virtutes'

717 1294 832 1376 palam
865 1296 1000 1377 operari
1038 1295 1201 1377 dignatus
1238 1304 1302 1370 est,
1338 1298 1398 1379 qui

720 1413 859 1457 usuram
877 1395 912 1457 in
927 1396 1074 1459 Francia
1090 1396 1240 1458 maxime
1255 1404 1400 1460 conatus

720 1502 772 1556 est
784 1493 988 1575 exstirpare,
998 1514 1076 1577 quae
1086 1514 1192 1558 usura
1201 1496 1238 1558 in
1249 1484 1400 1559 Francia

718 1593 762 1655 ab
791 1592 898 1656 Italia
921 1595 1092 1657 transiens
1121 1594 1222 1656 nimis
1250 1595 1398 1676 pullula-

720 1699 818 1755 verat
835 1699 871 1755 et
890 1692 1004 1755 nobile
1024 1713 1168 1774 regnum
1187 1694 1398 1757 Francorum

715 1790 790 1873 jam
816 1792 1063 1856 maculaverat.
1117 1792 1253 1857 Nomen
1278 1794 1399 1874 praedi-

720 1891 829 1954 catori
855 1891 963 1955 Fulco
988 1892 1065 1968 suit,
1088 1893 1147 1974 qui
1172 1893 1208 1955 in
1232 1890 1397 1973 Angliam

719 1991 890 2071 quendam
908 1991 1107 2073 religiosum
1130 1993 1173 2055 ad
1198 1991 1400 2074 deponenda

721 2097 878 2172 tempora
908 2093 1101 2156 commercii
1132 2092 1252 2157 diebus
1278 2092 1399 2156 Domi·

720 2190 806 2252 nicis
832 2192 991 2254 abbatem
1016 2192 1058 2255 de
1085 2191 1161 2254 Flai
1189 2192 1399 2269 destinavit;

719 2290 779 2371 qui
808 2291 946 2354 veniens
977 2291 1062 2354 illud
1092 2292 1336 2355 inconveniens
1363 2292 1399 2355 in

720 2389 836 2452 multis
849 2390 933 2454 locis
947 2390 1085 2455 delevit.
1106 2392 1157 2455 Eo
1168 2412 1304 2474 quoque
1315 2400 1399 2455 tem-

679 2539 684 2545 .
718 2489 986 2569 poreRobertus
999 2490 1399 2573 Salopesbiriconsecra-

721 2595 778 2651 tus
795 2596 849 2652 est
865 2590 900 2651 in
918 2591 1117 2671 episcopum
1133 2591 1176 2654 de
1194 2591 1348 2672 Bangor.

295 2755 347 2766 ..
391 2716 644 2801 25,ipsereyi...
697 2711 773 2795 ejus
803 2712 1000 2793 homagium
1029 2732 1106 2776 cum
1134 2714 1333 2797 juramento
1365 2723 1400 2778 et

449 2819 648 2882 Francorum
719 2813 799 2876 fidei
821 2813 1082 2895 interpositione
1098 2821 1133 2877 et
1150 2814 1326 2878 obsidibus
1344 2835 1399 2878 ac-

719 2912 831 2994 cepit;
854 2912 904 2976 Oe.
920 2922 948 2976 et
965 2913 1005 2975 R.

298 3041 371 3116 122,
411 3043 440 3116 l,
458 3037 570 3103 obsedit
699 3037 747 3100 Oe.
770 3035 837 3099 and
858 3038 899 3100 R.
921 3036 1037 3113 insert,
1057 3037 1289 3102 ‘Imminebat
1308 3040 1398 3103 enim

719 3136 768 3199 eis
785 3156 849 3218 pro
861 3144 955 3199 certo
973 3136 1065 3217 quod
1083 3138 1116 3199 in
1135 3138 1232 3200 brevi
1249 3158 1311 3220 per
1326 3160 1399 3202 om-

719 3235 777 3297 nia
811 3235 1092 3317 triumphaturus,
1116 3236 1205 3300 foret
1239 3257 1301 3300 rex
1335 3239 1399 3302 Ri-

718 3333 866 3397 chardus
906 3335 1169 3417 imperterritus
1212 3338 1397 3401 secundum

718 3433 802 3497 illud
824 3434 931 3515 igitur
952 3436 1137 3517 poeticum,
1153 3435 1306 3498 ‘Mobile
1324 3457 1398 3500 ver-

717 3540 816 3596 satur
847 3553 983 3616 semper
1023 3554 1101 3598 cum
1134 3534 1289 3616 principe
1324 3537 1400 3600 vul-

718 3633 808 3714 gns?

293 3795 346 3808 —
390 3755 648 3835 l3,Baldeaciuue
695 3757 783 3820 deest.

333 3967 418 4018 ¹lstis
433 3960 542 4032 diebu]
569 3965 670 4012 Diebus
688 3970 772 4014 autem
790 3967 837 4015 sub
862 3967 924 4014 dum
942 3967 1020 4014 abbas
1040 3967 1072 4014 de
1092 3968 1158 4028 Flai,
1181 3968 1225 4028 qui
1247 3973 1400 4019 mercaturas

296 4038 392 4087 eisdem
419 4037 522 4097 quidam
549 4035 701 4096 praedicator
728 4036 837 4084 eximius
863 4037 1004 4084 Dominicis
1015 4036 1105 4084 diebus
1117 4052 1175 4096 quae
1193 4039 1305 4085 exerceri
1321 4041 1402 4088 solent

297 4109 377 4156 Fulco
387 4107 487 4155 nomine
497 4107 523 4154 in
530 4104 619 4154 Gallia
629 4105 721 4164 floruit,
732 4119 778 4165 pro
786 4120 837 4165 quo
863 4105 964 4154 delevit.
995 4105 1089 4152 Eodem
1101 4106 1175 4153 etiam
1185 4110 1295 4166 tempore
1308 4107 1401 4156 Rober·

297 4178 423 4226 Dominus
441 4177 527 4238 palam
545 4175 652 4223 virtutes
666 4174 765 4235 operari
782 4174 837 4235 dig·
862 4178 904 4221 tus
916 4174 948 4222 de
959 4174 1132 4235 Salepesbires
1146 4181 1305 4224 consecratus
1320 4182 1359 4224 est
1374 4179 1401 4225 in

297 4250 431 4296 natusest.
461 4246 514 4294 Iste
523 4258 627 4293 usuram
638 4245 664 4291 in
677 4244 837 4304 Francorum,
863 4245 1009 4304 episcopum
1026 4243 1058 4291 de
1076 4245 1218 4304 Bangor.—
1224 4246 1266 4294 Ce.
1279 4251 1303 4293 et
1315 4247 1358 4308 R,
1375 4249 1400 4296 in

297 4317 405 4379 maxime
417 4317 443 4363 in
454 4314 724 4380 Flandriaenpartibus,
732 4317 837 4361 conatus
863 4312 947 4361 which
968 4313 1043 4362 MSS.
1064 4314 1118 4361 also
1141 4314 1211 4363 there
1232 4316 1331 4364 follows
1358 4317 1400 4366 the

294 4392 335 4438 est
343 4386 492 4446 exstirpare,
502 4399 560 4444 qnae
572 4399 605 4432 ex
616 4383 731 4445 partibus
739 4383 838 4430 Italicis
862 4383 953 4443 legend
967 4384 1117 4445 conceming
1128 4384 1171 4432 the
1187 4385 1278 4447 knight
1292 4387 1342 4434 and
1358 4388 1401 4436 the

296 4457 400 4506 veniens
425 4459 511 4516 partes
536 4454 680 4514 cisalpinas
707 4453 836 4501 infecerat.
862 4453 967 4500 crucilix
978 4454 1099 4502 recorded
1111 4456 1144 4515 by
1153 4456 1295 4505 Wendover
1308 4458 1400 4520 below,

297 4526 410 4574 Consilio
431 4525 506 4573 etiam
524 4524 604 4588 ¹illius
629 4528 668 4571 est
693 4523 786 4570 missus
810 4523 834 4569 in
863 4524 911 4571 vol.
926 4522 960 4572 iv.
972 4538 998 4584 p.
1011 4527 1070 4586 2³4,
1080 4539 1144 4587 seqq.

296 4597 417 4658 Angliam
428 4595 515 4642 eodem
527 4599 638 4654 tempore
649 4593 682 4641 ad
694 4593 836 4654 praedican-
