3384 5625
644 798 932 849 mraooocrron.
1301 788 1339 849 ix

241 1050 291 1112 De
312 1048 503 1112 scrutatione
523 1047 603 1131 rqts
622 1047 772 1113 Willelmi
795 1050 911 1133 primi,
937 1051 992 1134 qui
1022 1051 1203 1134 Oouqmstor
1218 1050 1342 1135 Acylla

341 1148 469 1225 dicitur,
481 1148 733 1233 interceptorem
743 1148 903 1225 Hurcldo,
914 1171 968 1233 qao
983 1150 1048 1217 Deo
1057 1149 1166 1233 judice
1180 1158 1208 1213 ot
1221 1150 1341 1214 uindice

335 1256 466 1332 prqrtcr
479 1246 652 1331 armotiam
666 1269 755 1311 suom
763 1248 873 1333 periit.

292 1379 396 1444 Anno
408 1380 601 1444 Dominicae
613 1381 860 1443 incarnationis
877 1397 1032 1457 unxvu„
1043 1380 1250 1462 interempto
1259 1402 1340 1461 rege

243 1480 392 1562 superbo
418 1486 453 1543 et
475 1477 633 1542 falsidico
656 1479 829 1555 Haraldo,
855 1480 927 1543 dux
955 1479 1235 1545 Normannorum
1253 1481 1342 1545 Wil-

243 1580 365 1643 lelmus
391 1577 622 1660 triumphator
644 1580 861 1659 magnificus,
884 1579 1027 1643 obtenta
1051 1587 1173 1643 contra
1194 1580 1260 1644 sibi
1283 1581 1341 1644 ad·

243 1685 420 1744 versantes
450 1677 631 1758 inopinata
654 1679 811 1755 victoria,
847 1679 965 1742 urbem
997 1679 1099 1742 laetus
1130 1680 1215 1743 adiit
1250 1680 1342 1743 Lon-

244 1777 431 1841 doniarnm.
484 1776 554 1839 Ubi
580 1784 720 1857 propter
749 1796 845 1839 snam
877 1778 969 1859 piam
996 1778 1170 1861 justitiam
1204 1786 1239 1841 et
1263 1779 1340 1861 jus·

244 1883 317 1939 tam
339 1878 515 1959 pietatem,
546 1894 679 1939 necnon
710 1884 746 1940 et
779 1876 911 1940 militiae
938 1894 1011 1939 suae
1039 1877 1291 1954 strenuitatem,
1319 1898 1341 1943 a

246 1976 337 2040 clero
367 1984 402 2040 et
429 1975 558 2058 populo
593 1995 669 2039 cum
697 1995 832 2039 summa
858 1976 1072 2040 exultatione
1097 1984 1279 2060 susceptus
1304 1979 1340 2041 in

246 2077 350 2139 verbo
382 2076 539 2140 veritatis
579 2076 737 2139 omnibus
776 2094 896 2157 pacem
931 2084 967 2139 et
999 2076 1180 2140 veritatem
1214 2075 1339 2159 Anglis

246 2176 475 2240 denuntiavit.
527 2174 631 2237 Cives
649 2181 776 2251 autem,
801 2176 861 2258 qui
879 2175 923 2238 ab
946 2174 1104 2238 Haraldo
1131 2183 1278 2257 tyranno
1305 2185 1339 2241 et

244 2274 400 2357 improbo
417 2281 580 2337 exactore
599 2275 738 2358 injustis
755 2275 995 2339 exactionibus
1011 2285 1047 2338 et
1063 2268 1215 2355 angariis
1232 2276 1340 2339 veluti

244 2375 291 2436 ab
318 2374 428 2438 altero
453 2374 645 2437 Boemredo
674 2376 928 2456 premebantur,
956 2375 1068 2456 ipsum
1094 2375 1213 2438 ducem
1241 2376 1341 2456 quasi

245 2471 394 2537 hostiam
404 2474 446 2536 de
457 2473 542 2537 caelo
552 2474 801 2550 transmissam,
814 2474 849 2536 in
861 2475 1057 2537 muneribus
1075 2474 1341 2556 pretiosissimis

245 2572 281 2633 in
313 2573 458 2636 classico
490 2590 746 2654 campanarum,
779 2574 1057 2654 processionibus
1089 2573 1339 2654 religiosorum,

245 2690 323 2734 cum
341 2673 432 2735 omni
449 2672 630 2736 alacritate
647 2672 868 2749 honorantes,
886 2673 999 2754 ipsum
1023 2692 1136 2754 regem
1153 2674 1341 2735 communi-

245 2777 299 2834 ter
342 2771 631 2849 acclamaverunt,
677 2771 941 2854 Dominicaeque‘
975 2771 1168 2836 nativitatis
1203 2771 1258 2835 die
1296 2774 1340 2835 ab

247 2869 410 2947 Aldredo‚
437 2871 647 2934 Eboracensi
669 2871 939 2954 archiepiscopo,
963 2872 1061 2953 regni
1087 2872 1245 2936 diadema
1266 2891 1339 2935 sus

246 2971 348 3051 cepit.
399 2971 531 3034 Timuit
554 2971 645 3033 enim
674 2972 739 3034 hoc
769 2990 895 3034 munus
927 2971 1195 3035 consecrationis
1221 2991 1243 3035 a
1269 2971 1339 3035 Sti·
1460 3037 1463 3044 ,

246 3069 373 3149 gando,
400 3068 641 3133 cantuariensi
670 3069 939 3152 archiepiscopo,
967 3072 1151 3153 suscipere,
1178 3090 1219 3134 eo
1247 3071 1339 3152 quod

246 3168 425 3250 illegitime
470 3177 702 3251 occupaverat
736 3170 829 3233 illius
869 3169 1109 3234 excellentiam
1149 3169 1338 3252 dignitatis.

248 3267 394 3344 Deinde,
410 3267 579 3349 homagiis
594 3270 845 3349 amagnatibus
859 3288 936 3332 cum
954 3269 1130 3333 fidelitatis
1142 3268 1340 3352 juramento

247 3367 491 3448 obsidibusque
519 3368 702 3449 susceptis,
729 3368 766 3429 in
793 3387 901 3448 regno
935 3367 1157 3430 confirmatus
1185 3369 1342 3431 omnibus

247 3467 306 3548 qui
332 3466 376 3529 ad
404 3485 548 3547 regnum
577 3467 818 3547 aspiraverant
849 3466 962 3529 sactus
986 3471 1039 3528 est
1062 3464 1195 3528 terrori.
1249 3463 1342 3529 Civi-

247 3565 378 3629 tatibus
403 3565 510 3646 igitur
535 3573 571 3629 et
590 3564 713 3629 castris
736 3566 913 3649 dispositis
939 3563 1155 3647 propriisque
1176 3563 1342 3628 ministris

248 3664 429 3746 impositis,
462 3665 505 3727 ad
540 3663 789 3728 Normanniam
821 3685 899 3728 cum
927 3665 1103 3729 obsidibus
1137 3662 1276 3744 Angliae
1307 3671 1342 3727 et

247 3763 417 3827 thesauris
447 3763 635 3826 innumeris
675 3766 866 3846 navigavit,
897 3766 1021 3846 quibus
1055 3763 1275 3828 incarceratis
1306 3772 1342 3827 et

249 3864 313 3927 sub
330 3870 427 3927 arcta
442 3863 600 3926 custodia
611 3864 786 3946 deputatis
802 3865 846 3927 ad
858 3861 1023 3945 Angliam
1038 3863 1150 3926 denuo
1166 3862 1340 3927 remeavit.

124 3998 126 4001 -
248 3961 294 4024 Et
302 3962 390 4044 Jam,
406 3962 483 4025 Deo
497 3961 599 4040 irato,
618 3963 840 4044 tyrannizans
858 3963 1145 4026 commilitonibus
1161 3961 1233 4025 suis
1252 3962 1341 4026 Nor-

247 4062 382 4123 mannis
413 4068 524 4124 terras
547 4060 752 4142 Anglorum,
778 4062 837 4143 qui
862 4062 993 4143 seipsi
1018 4067 1141 4143 sponte
1163 4061 1340 4138 dederant,

246 4159 373 4242 ingrati
391 4180 485 4223 more
501 4160 686 4238 distribuit,
705 4171 740 4224 et
755 4160 927 4224 modicum
947 4160 1031 4223 illud
1051 4158 1143 4241 quod
1162 4159 1247 4221 illud
1263 4161 1338 4240 [sio]

246 4267 471 4337 remanserat,
488 4261 553 4322 suh
571 4261 660 4344 jugo
684 4261 800 4341 posuit
826 4266 1003 4341 perpetuae
1018 4258 1218 4337 servitutis;
1251 4259 1341 4322 unde

247 4360 431 4424 nobiliores
463 4358 563 4440 regni
595 4359 773 4423 servitutis
802 4359 916 4439 ignari
943 4358 1115 4438 indignati
1146 4356 1340 4421 inconsola-

247 4459 360 4521 biliter
388 4459 584 4523 doluerunt.
630 4457 780 4536 Quidam
808 4457 915 4538 igitur
942 4458 985 4521 ad
1013 4477 1129 4538 regem
1162 4456 1340 4521 Scotorum

246 4557 484 4636 Malcolmum,
517 4557 655 4640 quidam
688 4558 724 4620 in
760 4557 918 4634 Daciam,
956 4557 1096 4639 quidam
1132 4555 1167 4618 in
1199 4555 1340 4620 Norwc-
