3384 5625
603 771 805 820 uucrmuus
829 774 962 822 vamur.
1285 762 1349 826 147

298 952 379 1017 Hiis
399 954 451 1017 ita
470 953 589 1034 gestis,
605 953 907 1017 victoriosissimus
929 974 992 1017 rex
1010 955 1206 1020 Riobardus
1221 959 1348 1022 iuvita·

296 1055 349 1118 vit
363 1052 406 1118 ad
422 1054 542 1137 epulas
559 1051 688 1115 amicos
710 1071 792 1116 suos
813 1062 848 1117 et
863 1062 1040 1118 consortes
1055 1055 1090 1118 in
1107 1056 1268 1121 conflictu
1286 1078 1348 1141 per

295 1161 366 1216 tres
381 1154 453 1217 dies
473 1150 648 1232 fatigatos,
670 1151 864 1234 direxitque
888 1154 1053 1235 epistolas
1068 1154 1112 1218 ad
1124 1175 1241 1220 omnes
1258 1177 1347 1239 prae-

295 1253 385 1316 latos
403 1250 540 1333 Angliae
558 1259 596 1314 ut
613 1250 725 1313 Deum
741 1252 987 1331 glorificarent,
1005 1255 1136 1335 gratias
1155 1256 1231 1319 Deo
1249 1277 1348 1319 exer-

295 1352 426 1415 cituum
448 1349 686 1434 persolvendo,
709 1351 767 1433 qui
794 1351 898 1414 talem
922 1371 963 1415 ac
985 1360 1055 1415 tam
1075 1354 1262 1435 gloriosum
1281 1355 1346 1419 sibi

295 1452 465 1514 concessit
492 1448 636 1529 indigno
662 1449 707 1511 ab
735 1449 891 1513 hostibus
918 1452 1129 1534 triumphurn
1157 1462 1345 1536 reportare.

295 1548 594 1613 Commilitonibus
610 1554 725 1610 autem
743 1548 897 1629 pretiosa
920 1549 1095 1615 distribuit
1112 1552 1289 1629 donativa,
1307 1563 1345 1617 ut

294 1656 409 1712 essent
434 1654 610 1712 consortes
636 1648 885 1725 retributionis,
911 1650 970 1730 qui
996 1649 1134 1714 fuerunt
1160 1652 1346 1735 participes

295 1745 550 1812 tribulationis.’
1005 1741 1008 1746 ‘

252 1888 309 1925 PAG.
332 1890 386 1927 HN·

244 1952 317 2027 132,
335 1953 388 2027 24,
404 1951 503 2015 devoto
641 1947 834 2011 devotione.

243 2077 316 2152 133,
354 2079 385 2153 8,
396 2078 566 2160 potuissent
638 2072 783 2154 possint.

240 2231 291 2240 —
337 2197 591 2288 i4,Hisetoliis
640 2196 751 2260 Misso
776 2198 883 2277 igitur
911 2196 954 2259 ad
980 2197 1053 2261 haec
1080 2198 1186 2263 Petro
1209 2200 1251 2263 de
1280 2199 1345 2263 Ca-

394 2298 591 2360 ...ictreo-
660 2315 741 2377 pua,
777 2316 855 2358 cum
896 2315 957 2359 rex
998 2296 1195 2362 Richardus
1234 2300 1345 2363 multa

387 2396 438 2478 pia
460 2395 591 2460 nolucrit
658 2395 910 2459 rationabiliter
943 2396 1137 2479 objiciendo
1178 2398 1343 2480 respond-

390 2496 555 2559 amantiae
660 2493 763 2571 isset3
785 2495 832 2556 Oa
849 2503 877 2557 et
893 2494 935 2556 R.

241 2620 329 2707 134„
355 2619 384 2693 6,
400 2618 515 2702 trocpio
638 2615 797 2678 induciis.

238 2780 289 2787 —
355 2745 385 2818 9,
401 2742 507 2805 socrui
638 2737 863 2802 confessionis
877 2739 1127 2819 secretissime3
1149 2740 1237 2805 dact
1248 2744 1290 2806 R.

238 2908 287 2918 -
334 2869 384 2942 14,
402 2867 563 2930 exaudiret
642 2862 693 2927 Oe.
710 2861 777 2926 and
794 2863 834 2925 a.
847 2863 927 2940 add,
941 2863 1147 2930 ‘Commota
1170 2874 1252 2929 suut
1278 2869 1342 2948 igi-

661 2969 718 3025 tur
735 2963 869 3026 viscera
894 2965 986 3044 regis
1006 2965 1151 3046 piissimi
1175 2965 1342 3030 Richardi

660 3080 705 3124 ex
723 3081 793 3143 quo
817 3062 962 3140 audivit,
984 3063 1075 3144 quod
1098 3083 1161 3127 rex
1188 3065 1341 3129 Franco·

660 3180 735 3223 rum
750 3180 826 3224 sese
840 3161 922 3224 licet
933 3161 1131 3243 compulsus
1146 3164 1342 3229 humiliavit

660 3258 755 3340 pacis
770 3278 928 3341 quaereus
946 3259 1173 3325 diverticula!

236 3420 286 3430 —
332 3387 383 3460 21,
402 3394 523 3469 treapoa
637 3381 805 3444 inducias.

237 3544 288 3552 -
333 3509 386 3584 22,
401 3508 534 3571 hominos
638 3504 784 3568 subditis
816 3505 998 3587 utriusque
1026 3505 1117 3587 regis
1146 3513 1180 3569 et
1209 3526 1339 3570 merca-

408 3616 588 3671 mcrcotorcs
660 3605 803 3668 toribus

236 3771 287 3782 -
332 3732 383 3806 24,
394 3730 564 3813 potuissent
637 3727 766 3791 liceret.

237 3890 289 3900 —-
333 3856 385 3930 32,
402 3854 514 3918 solidos
642 3852 692 3916 Oe.
711 3853 779 3915 aud
801 3853 844 3917 la
865 3852 945 3929 add,
969 3853 1040 3916 ‘Et
1062 3861 1143 3917 tunc
1170 3853 1251 3918 fecit
1277 3875 1337 3918 rex

659 3950 814 4015 fraudem
854 3951 897 4015 de
933 3952 1076 4014 consilio
1118 3954 1339 4034 iniquorum

660 4051 763 4112 tinxit
788 4070 825 4113 so
850 4050 1006 4112 amisisse
1028 4050 1178 4129 sigillum
1201 4051 1339 4115 etfacit

660 4147 753 4212 aliud
769 4148 943 4223 fabricari,
957 4155 992 4210 et
1003 4147 1128 4227 ubique
1145 4149 1339 4225 acclamari,

660 4247 752 4329 quod
789 4247 923 4328 perdito
958 4246 1072 4326 sigillo
1109 4265 1172 4309 suo
1211 4267 1338 4311 novum

660 4346 798 4420 fecerat,
829 4352 864 4408 et
890 4347 1086 4429 quicunque
1113 4344 1218 4410 vellet
1243 4349 1338 4428 prius

659 4463 825 4509 concessa
844 4452 1060 4527 perpetuare,
1077 4443 1120 4508 ad
1140 4464 1267 4509 novum
1292 4449 1338 4511 si-

660 4545 780 4626 gilium
799 4545 943 4622 veniret,
965 4552 1001 4607 et
1025 4544 1108 4607 data
1133 4547 1276 4625 pecunia
1296 4566 1337 4610 eo

1159 4653 1172 4685 ι
1183 4642 1198 4685 2
