3384 5625
292 747 357 813 168
663 766 864 814 nnorronns
888 766 1020 815 vantur.

293 949 481 1025 intellecto,
507 955 542 1012 et
559 968 622 1013 rex
644 948 767 1012 librum
786 969 888 1031 quem
906 949 1109 1031 inspexerat
1126 946 1263 1020 clausit,
1291 942 1400 1007 sedit-

294 1068 361 1131 que
376 1048 466 1110 enim
482 1047 526 1111 ad
543 1048 714 1131 pulpitum
730 1068 829 1111 suum
849 1048 1004 1125 studens,
1020 1049 1073 1112 vir
1089 1054 1193 1111 aetate
1211 1053 1246 1110 et
1263 1050 1401 1108 statura

295 1147 487 1224 mediocris,
511 1155 547 1212 et
563 1156 665 1230 gestu
682 1156 840 1212 maturus
868 1158 903 1212 et
928 1149 1042 1213 verbis
1066 1146 1248 1221 facundus
1274 1151 1309 1208 et
1337 1144 1401 1206 cir-

296 1255 525 1329 cumspectus.
579 1248 725 1312 Etcum
750 1248 926 1330 paulisper
946 1247 1045 1329 quasi
1072 1265 1188 1310 secum
1206 1244 1403 1308 deliberans

298 1345 539 1429 respondisset,
569 1347 723 1411 modeste
747 1347 849 1423 dixit,
877 1347 1014 1410 ‘Modo
1046 1346 1184 1428 inspexi
1211 1345 1336 1408 librum
1366 1342 1401 1404 in

299 1446 425 1511 Gracco
444 1445 608 1527 scriptum
627 1446 808 1529 cujusdam
829 1445 944 1511 Graeci
968 1446 1135 1528 sapientis
1157 1452 1192 1509 et
1213 1442 1403 1507 Christiani

299 1546 436 1609 nomine
465 1545 580 1622 Pauli,
607 1546 706 1630 cujus
728 1554 827 1610 actus
857 1554 892 1610 et
920 1546 1027 1610 verba
1052 1544 1135 1607 mihi
1159 1543 1289 1626 optime
1312 1562 1404 1606 oom-

301 1646 450 1729 placent,
468 1652 503 1709 et
519 1653 662 1727 accepto
678 1664 688 1723 3
713 1665 819 1708 unum
843 1653 960 1708 tamen
977 1645 1020 1708 de
1037 1645 1113 1727 ipso
1131 1643 1214 1706 mihi
1231 1642 1404 1723 displicet,

301 1745 394 1827 quod
410 1745 447 1807 in
461 1746 538 1826 lege
553 1746 617 1808 sub
635 1764 705 1827 qua
724 1753 828 1808 natus
854 1752 929 1808 erat
947 1764 1015 1807 non
1038 1744 1148 1820 stetit,
1176 1742 1237 1806 sed
1265 1741 1309 1804 ad
1335 1741 1406 1805 alia

302 1853 467 1926 tanquam
485 1844 667 1927 transfuga
687 1853 722 1908 et
737 1845 939 1908 inconstans
956 1844 1100 1908 avolvit.
1152 1842 1199 1906 Et
1216 1841 1250 1903 id
1268 1840 1346 1905 dico
1363 1839 1406 1904 de

302 1944 441 2008 domino
469 1953 585 2008 vestro
612 1943 804 2025 Anglorum
834 1963 927 2025 rege,
954 1944 1014 2026 qui
1043 1941 1164 2006 relicta
1192 1942 1348 2024 piissima
1371 1946 1406 2003 et

303 2043 528 2106 mundissima
556 2043 633 2124 lege
667 2043 954 2124 Christianorum,
986 2044 1050 2106 sub
1085 2060 1154 2124 qua
1185 2040 1403 2115 nascebatur,

304 2162 423 2208 cereus
440 2151 475 2206 et
490 2143 661 2207 instabilis
677 2143 793 2224 gliscit
806 2142 1042 2206 transmeare.'
1085 2142 1131 2205 Et
1147 2139 1291 2216 addidit,
1310 2138 1404 2203 ‘No

305 2244 356 2307 vit
376 2243 436 2323 qui
460 2243 545 2305 nihil
570 2243 710 2324 ignorat
739 2242 835 2305 Deus
862 2242 1091 2323 omnipotens,
1114 2242 1145 2304 si
1162 2240 1265 2304 exlex
1281 2257 1405 2315 essem,

304 2341 399 2403 illam
425 2360 497 2421 prae
523 2342 682 2404 omnibus
708 2341 868 2421 eligerem
893 2347 929 2404 et
958 2349 1141 2423 acceptans
1168 2338 1408 2421 amplexarer?

307 2439 437 2503 Postea
465 2459 548 2503 vero
583 2438 837 2517 sciscitabatur,
868 2439 967 2522 cnjus
994 2439 1199 2503 conditionis
1226 2444 1319 2501 esset
1341 2457 1404 2501 rex

306 2538 446 2621 Angliae
464 2547 499 2603 et
516 2559 658 2620 regnum
683 2538 779 2623 ejus3
807 2539 984 2621 respoudit
1001 2538 1166 2615 Thomas,
1182 2544 1304 2619 utpote
1321 2557 1408 2599 nun-

307 2641 434 2704 tiorum
455 2639 729 2716 facundissimus,
748 2639 919 2721 ‘Egregie
942 2646 976 2702 et
1003 2638 1153 2720 ingenue
1180 2637 1292 2701 atavis
1318 2637 1407 2718 regi·

306 2741 370 2803 bus
396 2739 531 2822 magnis
556 2747 768 2821 procreatus,
790 2748 884 2804 terra
906 2738 981 2822 ejus
1004 2737 1168 2821 opulenta
1190 2743 1226 2800 et
1242 2736 1314 2800 suis
1330 2755 1409 2799 con·

308 2847 405 2903 tenta
421 2840 531 2916 bonis,
556 2840 713 2916 culturis,
738 2840 877 2921 pascuis
900 2845 935 2901 et
952 2839 1049 2902 silvis
1076 2837 1239 2903 abundat.
1292 2836 1348 2901 Ex
1368 2857 1410 2902 ea

308 2940 411 3002 etiam
429 2959 530 3002 omne
547 2958 656 3019 genus
672 2938 889 3001 metallorum
908 2937 1023 3001 studio
1040 2937 1207 3001 conflatili
1224 2937 1406 3019 eliquatur.

310 3037 405 3100 Gens
421 3045 541 3100 nostra
557 3038 714 3118 speciosa
731 3044 765 3099 et
781 3036 961 3117 ingeniosa
974 3037 1084 3099 tribus
1106 3037 1214 3119 pollet
1237 3034 1408 3099 idiomati·
1496 3114 1499 3122 .

308 3137 373 3199 bus
390 3135 536 3213 erudita,
551 3136 682 3199 scilicet
705 3135 843 3213 Latino,
869 3134 1018 3212 Gallico,
1032 3145 1067 3199 et
1081 3134 1244 3217 Anglico,
1261 3142 1297 3198 et
1314 3135 1408 3198 omni

311 3242 386 3299 arte
399 3236 534 3299 liberali
550 3245 585 3299 et
598 3236 797 3299 mechanica
821 3236 956 3318 plenius
973 3236 1118 3298 erudita.
1172 3235 1410 3298 Veruntamen

309 3335 487 3399 vinearum
513 3342 574 3399 aut
592 3333 763 3398 olivarum
786 3337 922 3418 copiam
944 3355 988 3398 ex
1013 3354 1051 3398 se
1078 3341 1171 3398 terra
1194 3341 1314 3398 nostra
1339 3354 1410 3397 non

311 3435 483 3517 producit,
498 3454 560 3498 nec
576 3435 734 3512 abietem,
750 3435 810 3498 sed
826 3455 868 3498 ea
891 3454 935 3497 ex
954 3435 1075 3499 vicinis
1095 3434 1293 3514 regionibus
1317 3453 1409 3497 com-

312 3535 439 3598 mercio
462 3535 526 3597 sihi
549 3534 697 3616 acquirit
719 3534 945 3597 abundanter.
997 3532 1070 3597 Aer
1092 3533 1239 3596 salubris
1266 3539 1302 3595 et
1325 3539 1411 3596 tem·

313 3641 478 3714 peratus3
506 3634 596 3696 inter
611 3633 822 3697 occidentem
842 3633 911 3696 sita
928 3641 963 3696 et
980 3633 1261 3714 septentrionem,
1287 3632 1330 3694 ab
1350 3651 1409 3695 oc·

314 3732 448 3794 cidente
479 3731 641 3806 calorem,
677 3751 700 3793 a
734 3732 966 3812 septentrione
998 3751 1137 3795 sumens
1171 3729 1411 3812 frigiditatem,

315 3830 514 3910 temperiem
531 3829 675 3892 sortitur
691 3830 935 3910 gratissimam.
967 3830 1134 3913 ,Undique
1148 3830 1235 3893 mari
1250 3831 1413 3907 vallatur,

315 3928 405 3991 unde
422 3929 612 4004 insularum
628 3929 749 4010 regina
763 3928 888 3992 meruit
903 3929 1081 4012 appellari.
1129 3931 1290 4011 Regnum
1308 3929 1412 3992 etiam

316 4029 360 4091 ab
378 4029 520 4092 inuncto
540 4036 575 4091 et
599 4036 763 4093 coronato
785 4031 1015 4111 gubernatum
1039 4029 1246 4111 abantiquo
1268 4028 1411 4091 liberum

316 4148 392 4192 esse
409 4129 622 4210 dignoscitur
638 4137 674 4193 et
690 4130 891 4211 ingenuum,
903 4129 947 4192 ad
963 4129 1090 4192 nullius
1106 4135 1334 4210 praeterquam
1347 4128 1415 4191 Dei

316 4235 477 4310 spectans
490 4228 768 4292 dominationem.
811 4229 968 4294 Ecclesia
983 4227 1087 4291 etiam
1106 4235 1141 4290 et
1158 4235 1286 4292 nostrae
1301 4228 1415 4291 cultus

316 4327 492 4407 religionis
514 4327 697 4409 plusquam
723 4329 759 4390 in
784 4329 901 4410 aliqua
924 4327 1041 4391 mundi
1060 4334 1161 4409 parte
1182 4327 1307 4391 ibidem
1334 4347 1414 4408 pro·

317 4432 488 4507 speratur,
513 4444 553 4487 ac
581 4426 763 4508 papalibus
783 4435 818 4490 et
836 4428 942 4509 regiis
967 4426 1102 4508 legibus
1127 4427 1270 4508 pacifice
1290 4424 1416 4507 guber-

317 4525 443 4587 natur.'
495 4523 624 4588 Tracto
648 4525 755 4605 igitur
781 4528 824 4589 ab
853 4527 924 4590 alto
950 4523 1165 4608 praecordiali
1180 4525 1340 4608 suspirio,
1362 4543 1416 4588 re-
