3384 5625
296 771 364 836 312
669 780 869 830 uncrronns
892 762 1023 828 vilain.

301 911 360 947 PAO.
386 910 437 946 ult.

292 975 367 1049 322,
387 974 440 1047 21,
458 968 643 1052 otmojor...
695 968 755 1031 sed
771 966 925 1050 quolibet
942 965 1079 1031 homine
1093 963 1215 1047 major,
1230 982 1312 1043 ergo
1324 980 1398 1024 ma·

458 1068 609 1132 &monis
713 1067 772 1149 jor
787 1065 941 1147 quolibet
951 1066 1038 1143 cive,
1053 1065 1108 1129 vel
1126 1064 1230 1128 etiam
1246 1081 1328 1143 rege
1342 1061 1398 1125 vel

717 1165 934 1247 imperatore.

292 1335 344 1345 -
388 1292 442 1365 24,
459 1287 614 1373 subjectos,
696 1289 884 1373 subjectos,
917 1289 1021 1353 etiam
1056 1288 1196 1353 deviare
1231 1287 1396 1362 volentes,

460 1388 542 1452 unde
716 1389 860 1453 inviam
874 1389 1021 1470 dirigere
1037 1389 1203 1453 veritatis.

296 1516 371 1588 323,
412 1515 443 1589 3,
461 1509 593 1575 abac
694 1511 1397 1590 odditParis.,est.Praeterea,comitatum

718 1631 830 1687 suum,
854 1612 946 1695 qnod
968 1612 1160 1676 inauditum
1179 1618 1313 1675 estnec
1337 1629 1398 1673 an-

718 1719 776 1776 tea
797 1711 941 1787 iactum,
966 1713 1066 1775 metis
1089 1712 1189 1775 novis
1211 1717 1247 1774 et
1263 1710 1399 1791 amplis,

714 1811 859 1894 jubente
874 1818 1045 1887 senatore,
1059 1811 1242 1874 voluerunt
1258 1810 1323 1872 sibi
1340 1828 1399 1891 ap-

718 1911 908 1992 propriare,
936 1917 971 1973 et
994 1911 1253 1992 appropriatum
1274 1909 1398 1971 intitu-

718 2008 791 2072 lare
814 2010 914 2074 novis
929 2009 1289 2092 suprascriptionibus.
1341 2006 1398 2071 Ad

719 2108 785 2171 lroc
806 2109 984 2191 respondit
1005 2108 1163 2172 dominus
1184 2126 1286 2190 papa,
1307 2107 1399 2188 quod

719 2207 810 2270 infra
831 2215 941 2271 metas
964 2208 1042 2271 illas
1063 2209 1281 2271 continentur
1304 2225 1400 2287 quae-

720 2305 799 2369 dam
825 2305 957 2389 praedia
982 2314 1016 2370 et
1040 2308 1145 2370 etiam
1173 2305 1333 2370 civitates
1363 2314 1399 2367 et

719 2411 846 2480 castra,
865 2412 985 2486 utpote
1001 2406 1196 2469 Viterbinm
1218 2405 1342 2468 civitas
1364 2410 1400 2466 et

719 2502 940 2567 Altus-mons
956 2511 1121 2581 castrum,
1133 2524 1212 2586 quae
1225 2502 1316 2566 iufra
1331 2523 1399 2565 me

719 2608 774 2665 tas
791 2602 870 2665 illas
888 2604 1120 2682 continentur,
1145 2623 1232 2687 quas
1254 2603 1399 2666 comita·

719 2702 770 2764 tui
791 2721 856 2765 suo
879 2703 1056 2784 assignare
1078 2709 1310 2785 praesumunt;
1337 2701 1398 2764 sed

719 2800 869 2865 alienum
890 2803 955 2866 sibi
978 2804 1147 2867 ascribere
1168 2807 1203 2866 et
1216 2821 1397 2882 usurpare,

719 2900 886 2984 injustum
901 2908 965 2966 est.

297 3063 346 3073 -
411 3031 442 3103 8,
461 3035 625 3091 contestato
697 3032 892 3089 contestata
910 3032 944 3090 et
961 3024 1210 3108 praeventilata.

296 3185 348 3195 -
365 3220 373 3226 Η
393 3151 444 3227 13,
460 3150 646 3234 ipsumat-
696 3149 740 3212 ad
766 3149 820 3212 sni
846 3148 1055 3233 adjutorium
1073 3151 1188 3231 ipsum
1213 3150 1401 3233 imperato·

409 3333 411 3336 Ι
464 3258 604 3314 traxerat
718 3268 791 3311 rem
808 3250 983 3314 attrahere
994 3249 1234 3327 moliebantur,
1249 3251 1307 3314 sed
1324 3252 1400 3335 ipse

722 3348 838 3431 potius
857 3356 978 3413 contra
995 3369 1066 3413 eos.

199 3499 201 3504 ¹
295 3507 347 3519 -
393 3473 443 3549 16,
464 3472 551 3534 Tunc
569 3519 576 3533 .
593 3517 602 3533 .
618 3517 644 3534 ..
698 3473 798 3536 Tunc
815 3474 989 3537 exercitus
1005 3473 1130 3537 summi
1145 3473 1330 3554 pontificis,
1344 3476 1400 3539 cui

458 3571 613 3653 pontificis
720 3578 869 3654 praeerat
879 3592 992 3637 comes
1002 3572 1233 3650 Tholosanus,
1242 3594 1399 3655 quaerens

720 3671 881 3752 gratiam,
893 3678 928 3734 et
943 3672 1125 3754 episcopus
1136 3671 1398 3750 Wintouiensis,

719 3787 820 3849 quem
838 3769 997 3831 dominus
1012 3789 1105 3851 papa
1124 3771 1247 3835 callide
1260 3773 1399 3836 vocavit

719 3865 763 3928 ad
777 3867 967 3930 exercitum
986 3887 1086 3932 suum
1106 3870 1305 3952 regendum,
1324 3876 1398 3934 tum

719 3972 861 4048 propter
875 3967 1028 4031 thesauri
1046 3969 1304 4047 abundantiam,
1326 3976 1400 4033 tum

718 4071 860 4148 propter
875 4066 1045 4130 militandi
1062 4069 1233 4151 peritiam,
1251 4076 1286 4133 et
1299 4088 1400 4133 exer·

719 4165 809 4229 citus
825 4164 1055 4247 imperatoris.

180 4309 183 4320 ¹
295 4326 346 4338 -
398 4281 450 4363 27,
467 4294 496 4348 ot
511 4286 646 4370 impora-
697 4288 821 4369 quibus
852 4297 1025 4370 praeerant
1049 4290 1208 4354 instructi
1234 4291 1339 4354 armis
1365 4299 1402 4356 et

460 4385 537 4448 toris
718 4386 784 4450 viri
806 4387 939 4450 bellicis
955 4390 1103 4471 negotiis
1120 4390 1314 4469 exercitati,
1331 4391 1398 4459 sci-

719 4485 799 4549 licet
819 4486 1034 4553 Cismontani
1050 4496 1085 4554 et
1103 4490 1194 4554 acies
1212 4490 1314 4553 simul
1336 4491 1399 4553 im-

717 4587 898 4666 peratoris
