3384 5625
299 743 365 811 106
671 762 872 812 nnc'rronrs
894 763 1026 813 vanna.

299 887 357 924 PAO.
380 887 432 924 ΗΝ.

321 952 352 1023 9,
392 952 424 1025 5,
440 958 587 1014 connata
600 1000 607 1016 .
622 998 650 1015 ..
701 948 848 1031 benigne
863 951 1046 1017 concessit.

451 1048 537 1113 dedit

321 1211 347 1223 -
375 1174 426 1249 10,
443 1171 623 1245 Elicerem
700 1170 886 1250 Eliensem,
909 1173 969 1255 qui
992 1173 1059 1236 rite
1083 1172 1184 1239 electi
1209 1175 1245 1239 in
1271 1178 1405 1259 episcc-

451 1273 505 1336 ccd
721 1290 785 1353 pos
812 1279 1069 1337 consecrantur.
1123 1271 1326 1339 Notandum
1349 1284 1406 1341 ta-

721 1390 799 1434 men
816 1371 921 1454 quod.

323 1533 349 1545 -
372 1497 425 1569 23,
441 1494 649 1559 onmia...dc
699 1494 749 1556 eis
769 1493 845 1577 jam
871 1494 1009 1560 venalia
1043 1484 1266 1577 exposuerat,
1299 1496 1406 1563 dona·

447 1594 629 1659 iniectiones
720 1593 845 1658 tiones.
1154 1605 1156 1610 '

321 1756 348 1767 -
370 1712 422 1793 27,
438 1718 595 1802 episcopas
697 1715 789 1779 cddt
814 1717 939 1792 Parin,
959 1716 1013 1781 vir
1034 1735 1222 1800 pomposus
1247 1727 1283 1784 et
1305 1739 1402 1786 secu-

721 1815 815 1879 laris.

298 1942 350 2013 10,
369 1941 420 2016 12,
436 1939 515 2003 deest
698 1938 790 2003 addit
806 1938 932 2016 Parin,
948 1940 1128 2022 pecuniam
1144 1940 1316 2022 largienti.

295 2104 346 2116 -
367 2099 412 2111 -
436 2065 616 2129 remeandi
698 2060 790 2124 adda
806 2061 931 2139 Paris„
950 2062 1009 2144 qni
1031 2069 1146 2125 tamen
1169 2064 1265 2144 prius
1281 2072 1402 2130 votum

719 2169 932 2242 spontaneus
948 2161 1078 2226 fecerat
1096 2163 1350 2243 peregrinandi.

295 2321 347 2331 -—
370 2288 424 2362 14,
437 2307 501 2369 qaae
515 2334 538 2349 ..
550 2308 648 2370 .prae·
697 2285 817 2350 decant.

445 2384 573 2449 dicatur

295 2548 346 2560 -
369 2508 420 2584 16,
436 2508 519 2572 canit
696 2508 836 2590 prodiit.

294 2671 345 2682 -
370 2633 424 2706 31,
442 2631 590 2696 medeam
601 2680 646 2696 ...
696 2632 883 2697 medicinas
899 2633 1158 2699 conservativas
1173 2632 1342 2711 adhibuit,
1359 2642 1401 2700 ut

438 2753 500 2817 per
517 2733 616 2796 malta
717 2738 790 2795 tam
809 2733 884 2797 vita
906 2752 1009 2816 quam
1026 2734 1103 2797 visu
1128 2734 1289 2798 diuturno
1306 2732 1400 2799 fruc-

717 2839 832 2911 retur;
860 2832 921 2895 sed
940 2840 1146 2897 tamencum
1162 2833 1362 2898 multorum.

293 2992 344 3004 -
367 2954 421 3026 34,
436 2953 566 3018 sollicita
695 2954 840 3019 curiose.

296 3075 348 3148 11,
386 3076 417 3148 2,
433 3077 645 3142 materias...
694 3075 899 3142 festinanter
915 3079 1130 3142 moriturum.

420 3173 646 3241 dissolvendam

292 3337 343 3349 -
386 3300 417 3374 4,
430 3298 624 3365 adstantibus
692 3297 781 3363 deest.

290 3460 342 3473 -
387 3421 418 3497 6,
431 3422 486 3486 scd
504 3444 565 3487 aon
586 3424 644 3488 im-
695 3422 760 3487 Gui
787 3424 962 3506 sapientes
991 3424 1068 3509 ejus
1100 3424 1202 3488 amici
1231 3426 1398 3508 respond-

443 3523 551 3586 mcrito
715 3531 827 3599 erunt,
851 3524 1001 3588 ‘Merito
1031 3543 1144 3588 caecus
1169 3531 1205 3589 et
1226 3525 1397 3590 dicebaris

443 3620 524 3684 diem
557 3623 643 3686 clca·
713 3628 749 3685 et
776 3622 885 3698 fuisti,
907 3623 967 3705 qui
992 3624 1144 3688 existens
1175 3624 1333 3707 pontifex
1360 3632 1397 3690 et

443 3721 485 3781 sit
548 3731 642 3785 entre·
715 3721 906 3784 animarum
948 3731 1079 3803 pastor,
1122 3723 1205 3787 data
1247 3725 1397 3805 pecnnia

441 3839 525 3882 mam
715 3820 851 3883 comitis
863 3820 1213 3904 etjusticiariivanus
1225 3841 1266 3886 ac
1278 3841 1398 3904 super-

711 3918 776 3981 bus
807 3920 870 3982 tibi
901 3935 1024 3986 nomen
1054 3922 1275 4004 comparasti,
1304 3923 1396 3986 curis

712 4018 927 4083 secularibus
952 4027 987 4084 te
1013 4022 1219 4097 immiscenS,
1244 4022 1397 4102 peregri-

711 4119 885 4183 nationem
893 4126 990 4182 tuam
1000 4130 1127 4183 temere
1141 4121 1394 4201 postponendo.

711 4217 758 4282 Et
773 4219 823 4282 sic
842 4238 960 4282 verum
982 4219 1044 4282 tibi
1062 4219 1151 4283 dixit
1170 4225 1326 4295 senatun
1352 4228 1393 4284 ut

710 4337 823 4382 caecus
850 4317 972 4396 fieres3
999 4319 1068 4381 imo
1091 4325 1186 4381 totus
1213 4317 1326 4382 factus
1355 4339 1393 4383 es

711 4418 924 4492 tenebrosus,
956 4424 1069 4481 mente
1107 4417 1238 4481 scilicet
1276 4417 1394 4499 potius

709 4536 812 4597 quarn
840 4536 996 4598 corpore,
1020 4535 1097 4599 quae
1125 4517 1264 4581 caecitas
1294 4516 1393 4581 dam-
