3384 5625
660 785 862 833 LEGTIONES
886 785 1021 834 VARIAE.

426 1035 560 1100 Fratres
573 1056 634 1100 ooo
651 1034 871 1121 ioprodiuotur
883 1033 1070 1098 monasterio
1084 1031 1314 1098 muctarem.

395 1166 592 1249 ‘Praecipio
618 1167 762 1231 firmiter
789 1167 954 1231 iratribus
977 1166 1157 1244 universis,
1185 1185 1228 1230 ne
1248 1165 1402 1231 habeant

344 1274 507 1349 suspecta
524 1268 698 1331 consortia
713 1267 768 1331 vel
782 1266 927 1329 consilia
944 1265 1145 1345 mulierum3
1169 1272 1205 1329 et
1219 1285 1263 1329 ne
1282 1265 1399 1347 ingre-

345 1364 484 1430 diantur
499 1366 710 1430 monasteria
725 1367 984 1441 monacharum,
1000 1371 1126 1447 praeter
1142 1364 1221 1428 illos
1235 1365 1362 1446 quibus
1378 1384 1400 1430 a

345 1465 427 1529 sede
442 1465 634 1548 apostolica
646 1484 811 1529 concessa
825 1471 879 1528 est
888 1464 1027 1529 licentia
1040 1464 1215 1547 specialis;
1235 1483 1302 1527 nec
1313 1464 1399 1528 fiant

346 1572 539 1647 compatres
562 1565 713 1629 virorum
741 1565 797 1629 vel
827 1563 1020 1640 mulierum,
1053 1583 1096 1627 ne
1122 1562 1189 1627 bac
1217 1564 1400 1629 occasione

345 1664 436 1727 inter
449 1663 573 1728 fratres
591 1665 646 1728 vel
664 1664 707 1727 de
724 1663 889 1727 iratribus
905 1663 1106 1728 scandalum
1125 1662 1266 1727 oriatur.

633 1830 682 1893 De
698 1828 837 1893 eusutibas
852 1829 935 1892 iuter
951 1827 1096 1911 infideles.

399 1960 629 2043 ‘Quicunque
646 1960 791 2024 fratrum
810 1961 927 2023 divina
942 1960 1167 2042 inspiratione
1184 1959 1334 2024 voluerit
1348 1959 1400 2023 ire

347 2059 437 2123 inter
456 2059 647 2124 Saracenos
665 2059 720 2123 vel
741 2060 827 2123 alios
842 2059 1010 2136 infideleS,
1026 2067 1124 2142 petat
1139 2058 1276 2123 interim
1292 2059 1401 2122 licen·

348 2159 430 2223 tiam
459 2179 480 2223 a
511 2159 583 2223 suis
614 2159 779 2222 ministris
811 2159 1101 2241 provincialibus;
1137 2159 1288 2221 ministri
1317 2177 1401 2222 vero
1447 2177 1452 2183 ·

347 2258 451 2321 nullis
476 2258 578 2321 eundi
596 2258 770 2321 licentiam
791 2259 958 2335 tribuant,
980 2258 1047 2321 nisi
1069 2259 1118 2321 eis
1141 2276 1229 2340 quos
1250 2256 1400 2322 viderint

346 2356 487 2420 idoneos
510 2357 554 2419 ad
578 2356 791 2421 mittendum.
843 2355 901 2419 Ad
918 2356 1004 2433 haec,
1022 2377 1083 2440 per
1099 2356 1329 2421 obedientiam
1344 2356 1398 2420 in·

343 2453 456 2537 jungo
483 2455 661 2531 ministris,
688 2463 728 2519 ut
753 2462 874 2537 petant
900 2474 922 2519 a
944 2455 1082 2522 domino
1106 2475 1199 2539 papa
1220 2474 1327 2519 unum
1354 2454 1398 2519 de

347 2562 478 2619 sanctae
496 2555 666 2618 Romanae
685 2553 839 2618 ecclesiae
859 2554 1103 2631 cardinalibus
1128 2556 1188 2638 qui
1211 2556 1259 2619 sit
1276 2556 1399 2637 guber·

348 2661 461 2730 nator,
484 2662 671 2737 protector,
695 2661 731 2718 et
753 2662 925 2718 corrector
947 2654 1050 2739 hujus
1069 2654 1322 2733 fraternitatis3
1345 2661 1398 2730 ut,

347 2772 483 2836 semper
504 2753 633 2818 subditi
653 2760 688 2817 et
710 2754 858 2838 subjecti
879 2754 1023 2836 pedibus
1049 2753 1204 2838 ejusdem
1232 2752 1400 2831 cadesim,

347 2854 489 2916 stabiles
511 2854 547 2916 in
570 2853 636 2916 fide
656 2852 827 2916 catholica
842 2861 1082 2935 paupertatem
1103 2861 1139 2918 et
1154 2852 1348 2917 libertatem
1362 2861 1400 2917 et

347 2959 505 3015 sanctum
519 2951 736 3031 evangelium
751 2951 891 3013 Domini
906 2953 1018 3016 nostri
1041 2953 1065 3016 J
1068 2971 1129 3016 esu
1148 2951 1290 3028 Christi,
1304 2953 1398 3035 quod

347 3049 490 3113 firmiter
507 3050 737 3132 promisimus
751 3051 997 3115 observemus!

383 3212 531 3279 Robertus
544 3214 581 3278 de
595 3215 753 3300 Binptum
760 3216 872 3299 fuctus
888 3224 930 3279 ast
944 3215 1101 3301 epiecopus
1116 3212 1362 3279 caustorum.

397 3341 527 3407 Eodem
557 3363 648 3406 anno
673 3344 840 3425 magister
864 3343 1040 3407 Robertus
1070 3343 1112 3406 de
1139 3342 1325 3424 Bingham,
1353 3362 1399 3406 ex

345 3443 512 3506 canonico
537 3442 793 3519 Sarisberiensi,
816 3442 930 3506 factus
955 3450 1010 3506 est
1034 3442 1217 3526 episcopus
1243 3441 1398 3526 ejusdem

345 3541 510 3605 ecclesiae.

307 3679 364 3716 PAG.
394 3679 445 3716 HN.

297 3742 370 3815 155,
412 3738 441 3815 7,
460 3741 541 3804 celia
561 3788 593 3805 ..
612 3789 619 3803 .
695 3742 849 3804 cervisiae
940 3742 1120 3822 quasdam.

459 3838 597 3923 quaedurrr

292 3999 343 4010 —
410 3961 441 4035 9,
448 3960 531 4043 fecit
690 3958 811 4043 jussit.

292 4123 343 4134 —
388 4083 439 4160 13,
460 4082 604 4148 Theorwio
693 4085 828 4167 Thony.

291 4239 344 4251 —
388 4206 644 4291 15,qai..seeum
694 4208 746 4272 vir
773 4209 912 4290 quidem
938 4210 1042 4273 armis
1069 4219 1244 4288 strennuo,
1273 4210 1400 4294 genere

456 4305 627 4390 loqueretur
714 4307 914 4389 praeclarus,
939 4310 1081 4391 cupiens
1106 4331 1183 4375 oum
1211 4312 1287 4394 ipso
1305 4312 1399 4377 dicto

714 4406 854 4488 Rogero
876 4408 1037 4471 habuisse
1054 4410 1112 4472 vel
1136 4410 1263 4474 habere
1289 4411 1398 4476 collo·

714 4507 832 4586 quium
851 4515 1037 4591 antequam
1060 4509 1182 4588 obiret,
1204 4529 1281 4574 cum
1301 4530 1397 4574 sum·
