3384 5625
1306 1066 1710 1115 annoan
1762 1067 2032 1115 unm..
2679 1051 2727 1115 9

574 1242 578 1245 ’
614 1228 993 1313 festivitate
1018 1245 1327 1331 ejusdem
1368 1248 1619 1325 sancti,
1646 1268 1805 1311 cum
1838 1254 2108 1312 armata
2137 1267 2349 1312 manu
2373 1210 2678 1313 virorum
2702 1268 2722 1328 ς

615 1348 796 1412 unde
838 1348 1231 1432 judicatum
1272 1353 1381 1411 est
1408 1348 1483 1411 in
1519 1347 1814 1412 concilio
1856 1348 1929 1410 in
1962 1347 2202 1411 eadem
2237 1348 2523 1413 civitate
2561 1368 2725 1412 con-

622 1458 937 1530 gregato,
1003 1447 1418 1529 praesidente
1489 1466 1652 1529 rege
1707 1446 2098 1528 Anglorum
2150 1446 2522 1523 Willelmo,
2577 1468 2728 1512 mo-

623 1548 881 1611 nachos
944 1546 1152 1629 hujus
1207 1547 1515 1610 criminis
1566 1566 1722 1633 reos
1779 1565 1905 1628 per
1962 1547 2278 1611 abbatias
2335 1548 2727 1611 carceribus

602 1647 882 1710 retrudi
934 1652 1005 1709 et
1058 1653 1465 1729 perpetuam
1528 1665 1734 1728 agere
1795 1647 2300 1728 poenitentiam·
2327 1654 2535 1730 super
2582 1654 2728 1711 tam

624 1745 822 1828 gravi
851 1745 1127 1809 delicto.

527 1944 641 1980 PAG.
711 1943 819 1980 uu.

529 2025 637 2098 13,

530 2245 637 2317 14,

531 2368 637 2443 15,

539 3260 644 3334 16,

714 2023 818 2099 20,
850 2017 1061 2084 diebus

714 2244 818 2320 25,
852 2240 1232 2327 Est-anyliae

754 2368 817 2443 8,
851 2373 925 2429 ut

748 2528 803 2541 —
841 2496 1147 2574 praeesset,

829 2610 1082 2652 mzmme

723 2716 830 2789 29,
862 2712 1194 2780 reversuri.

846 2813 1180 2878 Wallenses

725 2937 831 3014 35,
854 2934 1200 2999 audientes.
1216 2982 1232 2998 .

838 3082 854 3096 .
891 3083 906 3098 .
936 3083 952 3097 .
978 3035 1237 3118 sactum

817 3135 1046 3217 suerat

724 3261 827 3342 14,
859 3279 1029 3322 omne
1062 3305 1077 3321 .
1112 3306 1127 3321 .
1164 3305 1181 3323 .
1216 3306 1231 3320 .

833 3355 1105 3442 θεώτεραι

722 3483 824 3558 18,
851 3489 1114 3566 tempore
1134 3529 1149 3545 .
1175 3529 1190 3544 .
1216 3528 1233 3544 .

833 3588 1236 3644 convenerant

723 3706 826 3780 22,
849 3704 1036 3786 filius
1066 3751 1081 3765 .
1115 3752 1130 3767 .
1166 3752 1181 3767 .
1217 3751 1233 3767 .

835 3804 987 3888 quia
1005 3812 1200 3889 pater

722 4118 826 4198 27,
855 4122 926 4184 in

757 4244 820 4320 8,
860 4241 1218 4307 Walokerus

720 4368 823 4444 12,
854 4365 947 4430 ad
978 4365 1147 4430 laica
1171 4414 1187 4430 .
1216 4414 1230 4428 .

836 4513 852 4529 .
888 4513 903 4528 .
920 4464 1180 4549 judicia

721 4586 825 4666 17,
870 4589 1233 4675 redemptio·

872 4709 1006 4752 nem

718 4815 824 4890 28,
858 4823 1187 4899 antequam

1328 2020 1595 2099 diebuS,
1664 2022 1785 2105 qui
1853 2021 2377 2084 Hildebrandus
2445 2029 2734 2086 vocatus

1377 2128 1585 2184 antea
1614 2120 1865 2185 fuerat.

1330 2244 1631 2327 Angliae.

1329 2365 1511 2431 deest.

1329 2508 1654 2572 praeesse,
1688 2490 1944 2554 rationi
1968 2490 2271 2553 minime.

1332 2732 1722 2790 reversura,
1774 2713 2172 2796 recepisset.
2255 2711 2735 2776 Wallensium.

1334 2933 1694 2999 audientes
1740 2955 1898 3018 quae
1939 2934 2325 3000 fautoribus
2371 2935 2516 2999 suis
2560 2934 2740 3000 acci-

1378 3033 1647 3097 derant.

1333 3263 1603 3320 omnem
1634 3263 2094 3320 commeatum
2123 3256 2224 3319 eis
2258 3245 2632 3321 subtraxit.

1332 3486 1641 3562 tempore
1708 3478 2083 3555 duraverit,
2156 3478 2230 3541 in
2301 3477 2738 3542 concordiam

1378 3579 1704 3642 inierunt.

1333 3700 1517 3763 filius
1539 3699 2045 3763 Normanniam
2069 3690 2416 3763 hostiliter
2440 3701 2734 3779 invadit,

1378 3819 1587 3882 quam
1626 3819 1753 3862 rex
1797 3806 2171 3881 antequam
2198 3798 2528 3881 Angliam
2573 3801 2737 3863 sub-

1365 3899 1651 3982 jugaret
1682 3919 1914 3963 coram
1949 3898 2273 3982 Philippo
2319 3919 2482 3981 rege
2521 3899 2737 3963 Fran-

1377 4018 1614 4063 corum
1650 4000 1714 4062 ei
1747 3999 2069 4080 dederat3
2116 4000 2280 4082 quia
2313 4019 2481 4064 vero
2511 4007 2731 4082 pater.

1334 4144 1445 4188 eX.

1332 4247 1715 4312 WalteruS.

1332 4372 1565 4437 laicali
1599 4392 1674 4436 se
1699 4373 1858 4456 ⁴soro
1885 4371 2280 4435 immiscuit.

1334 4592 1773 4657 solutionem.

1331 4816 1464 4879 nisi
1499 4821 1729 4878 antea.
