3384 5625
352 770 418 836 242
723 788 924 837 cncrronns
947 788 1080 837 vrnrn.

355 976 477 1052 gerent
509 970 756 1054 corripientes3
792 989 856 1034 nec
886 969 1117 1034 confessiones
1148 967 1306 1052 alicujus,
1337 968 1368 1031 si
1396 986 1458 1032 eas

357 1070 475 1134 audire
501 1071 751 1152 contingerent,
778 1069 1043 1152 quoquomodo
1069 1069 1280 1151 detegerent,
1302 1067 1384 1131 licet
1409 1067 1455 1131 ad

357 1177 490 1234 remota
507 1169 792 1251 transmigrantes
807 1170 896 1246 loca,
919 1189 962 1232 ne
979 1168 1179 1234 scandalum
1204 1167 1307 1232 alicui
1321 1168 1456 1231 oriatur

358 1268 414 1334 vel
439 1268 532 1332 fama
557 1269 776 1350 denigretur3
802 1288 865 1332 nec
893 1287 965 1352 pax
988 1268 1155 1345 ecclesiae,
1176 1287 1255 1351 quar
1279 1286 1302 1330 a
1325 1267 1456 1330 sanctis

359 1368 525 1449 apostolis
554 1375 589 1432 et
615 1368 749 1449 magnis
776 1387 817 1430 ac
842 1368 972 1431 sanctis
1001 1368 1158 1449 patribus
1189 1385 1229 1430 ac
1256 1365 1456 1431 doctoribus

358 1467 484 1531 nostris
509 1485 615 1549 supra
641 1467 774 1530 firmam
803 1474 936 1551 petram
962 1466 1117 1531 stabilita
1140 1472 1193 1529 est
1219 1473 1254 1531 et
1284 1466 1456 1542 ordinata,

359 1566 415 1632 vel
432 1545 731 1649 in'temporalibus
749 1566 923 1649 jacturam
941 1567 1104 1643 incurrat,
1120 1565 1177 1629 vel
1195 1564 1458 1649 quomodolibet

358 1667 589 1748 perturbetur.
641 1665 792 1730 Peccata
808 1674 924 1730 autern
941 1672 1041 1729 caute
1054 1665 1243 1748 inquirant,
1258 1684 1301 1728 ne
1318 1666 1458 1747 ignotas

359 1774 395 1829 et
424 1766 610 1842 inauditas,
641 1766 701 1847 qui
732 1766 905 1849 simplices
939 1771 1032 1842 sunt,
1060 1765 1194 1828 discant
1223 1764 1456 1828 enormitates.

360 1864 505 1928 Nullum
526 1866 562 1928 in
581 1866 743 1948 abyssum
762 1866 950 1929 terroribus
971 1872 1032 1928 aut
1048 1863 1148 1931 minis
1169 1863 1318 1947 satyrice
1336 1863 1455 1947 objur-

358 1971 483 2045 gantes
506 1963 721 2047 demergant,
742 1964 802 2027 sed
824 1965 941 2047 potius
965 1964 1000 2026 in
1017 1983 1114 2047 spem
1138 1964 1274 2045 erigant
1288 1963 1454 2045 spiritua·

358 2061 436 2126 lem.
490 2063 631 2127 Fratres
649 2082 765 2127 omnes
780 2064 946 2139 Minores
962 2063 1003 2127 de
1026 2081 1063 2127 se
1084 2063 1168 2145 ipsis
1184 2069 1359 2146 postremo
1377 2062 1456 2125 aliis

358 2162 519 2244 exempla
552 2162 756 2227 humilitatis
787 2163 1032 2247 relinquentes,
1066 2162 1159 2227 viros
1196 2162 1338 2226 alterius
1376 2160 1457 2224 reli·

359 2262 484 2343 gionis,
510 2263 665 2343 regulam
690 2262 747 2327 vel
772 2270 918 2339 statuta,
942 2261 1008 2325 sibi
1037 2262 1092 2325 vel
1117 2261 1189 2325 suis
1216 2260 1357 2325 statutis
1386 2279 1457 2324 non

358 2367 582 2443 postponant.
634 2360 738 2423 Omni
765 2363 997 2437 extremitate,
1020 2362 1168 2437 vilitate,
1196 2367 1231 2424 et
1252 2366 1457 2443 paupertate

358 2478 421 2540 pro
447 2459 586 2524 Christo
605 2461 771 2537 contenti,
795 2480 865 2525 non
888 2460 1110 2537 extollantur,
1138 2467 1178 2524 ut
1195 2460 1354 2523 meliores
1377 2458 1454 2523 aliis

359 2559 565 2639 videantur3
588 2579 651 2623 nec
674 2559 719 2623 ad
741 2560 923 2642 privilegia
944 2560 999 2624 vel
1021 2559 1220 2642 dignitates,
1238 2559 1274 2621 in
1296 2558 1458 2643 praejudi-

358 2658 448 2722 cium
479 2659 535 2724 vel
569 2658 810 2723 detrimentum
840 2662 1046 2743 aliquorum,
1078 2660 1255 2741 aspirent3
1292 2678 1354 2721 nec
1381 2658 1457 2721 sine

359 2756 542 2824 favorabili
572 2778 716 2824 assensu
746 2760 802 2824 vel
832 2762 998 2845 petitione
1029 2758 1230 2842 praedicent,
1263 2757 1320 2822 vel
1351 2755 1456 2821 alieni

359 2859 552 2936 consulant,
580 2879 656 2924 sese
684 2861 891 2942 ingerentes.
944 2860 1095 2924 Etcum
1123 2858 1240 2923 omnia
1266 2877 1330 2940 pro
1358 2875 1396 2920 se
1421 2864 1458 2921 et

359 2958 431 3020 suis
447 2960 651 3039 sequacibus
670 2959 950 3040 irrefragabiliter
966 2958 1171 3022 Franciscus
1188 2975 1299 3022 novus
1316 2955 1458 3020 Domini

359 3062 438 3139 tyro
454 3057 658 3133 ordinasset,
672 3058 831 3122 dominus
846 3078 938 3141 papa
953 3058 1109 3139 regulam
1125 3076 1222 3120 suam
1239 3056 1457 3139 approbavit,

359 3157 552 3234 annotarit,
578 3165 613 3220 et
636 3157 864 3234 confirmavit,
885 3157 1178 3223 etinviolabiliter
1197 3156 1304 3240 jussit
1319 3155 1364 3218 ab
1379 3156 1456 3237 ipso

359 3262 394 3318 et
409 3254 572 3320 fratribus
586 3257 658 3320 suis
672 3257 708 3320 in
725 3267 928 3341 perpetuum
945 3256 1132 3322 observari.
1185 3255 1324 3338 Regula
1339 3263 1456 3318 autem

360 3354 440 3418 talis
457 3363 530 3436 est;

611 3470 731 3558 Regula
746 3479 775 3535 et
788 3472 855 3536 citu
870 3473 1027 3537 Fratrum
1041 3471 1215 3535 Minorem.

410 3585 549 3666 Regula
576 3594 611 3651 et
637 3587 711 3651 vita
736 3588 897 3650 Fratrum
922 3589 1097 3651 Minornm
1121 3571 1195 3649 haec
1221 3592 1287 3662 est,
1311 3582 1457 3658 scilicet,

360 3685 524 3747 ‘Domini
540 3685 650 3748 nostri
666 3684 689 3747 J
691 3704 752 3748 esu
770 3685 900 3749 Christi
923 3694 1081 3749 sanctum
1106 3686 1321 3766 evangelium
1342 3684 1459 3745 obser-

361 3802 453 3857 vare,
479 3782 626 3846 vivendo
651 3783 685 3844 in
714 3783 921 3860 obedientia,
945 3785 1019 3846 sine
1045 3786 1196 3866 proprio,
1221 3785 1256 3846 in
1282 3783 1453 3846 castitate.

361 3881 486 3943 Frater
506 3881 712 3944 Franciscus
734 3882 905 3963 promittit
924 3882 1153 3946 obedientiam
1179 3889 1215 3945 et
1231 3882 1458 3946 reverentiam

350 3965 497 4043 ‘domino
521 3999 623 4062 papae
641 3979 689 4045 N.
708 3998 749 4043 ac
770 3983 1026 4046 successoribus
1050 3983 1125 4065 ejus
1145 3981 1308 4046 canonice
1325 3981 1459 4044 intran-

359 4079 452 4142 tibus
483 4087 518 4143 et
543 4080 696 4144 ecclesiae
725 4081 905 4144 Romanae.
957 4081 1004 4146 Et
1032 4081 1090 4144 alii
1119 4081 1243 4143 iratres
1273 4085 1459 4144 teneantur

358 4178 457 4242 fratri
475 4178 662 4243 Francisco
678 4186 714 4243 et
728 4180 803 4264 ejus
820 4181 1075 4244 successoribus
1093 4179 1241 4242 obedire.

487 4325 637 4404 Quomodo
642 4326 768 4409 fratres
781 4328 816 4391 iu
832 4328 911 4392 duae
926 4327 1063 4391 ordinem
1078 4325 1176 4411 recipi
1191 4323 1326 4390 ibimet.

410 4439 468 4503 ‘Si
493 4441 553 4520 qui
572 4439 745 4504 voluerint
765 4441 853 4506 hanc
867 4445 974 4508 vitam
990 4442 1157 4522 accipere,
1182 4449 1216 4504 et
1234 4440 1390 4506 venerint
1414 4438 1458 4502 ad

359 4535 484 4609 fratres
509 4544 659 4615 nostroS,
685 4541 824 4604 mittant
851 4562 909 4605 eos
937 4543 980 4606 ad
1010 4559 1091 4605 suos
1117 4540 1292 4603 ministros
1318 4537 1460 4621 provin·
