<?xml version="1.0" encoding="UTF-8"?>
<!DOCTYPE html PUBLIC "-//W3C//DTD XHTML 1.0 Transitional//EN"
    "http://www.w3.org/TR/xhtml1/DTD/xhtml1-transitional.dtd">
<html xmlns="http://www.w3.org/1999/xhtml" xml:lang="en" lang="en">
 <head>
  <title>
</title>
<meta http-equiv="Content-Type" content="text/html;charset=utf-8" />
  <meta name='ocr-system' content='tesseract 3.04.00' />
  <meta name='ocr-capabilities' content='ocr_page ocr_carea ocr_par ocr_line ocrx_word'/>
</head>
<body>
  <div class='ocr_page' id='page_1' title='image "./rogeridewendove00rogegoog_0285.png"; bbox 0 0 3384 5625; ppageno 0'>
   <div class='ocr_carea' id='block_1_1' title="bbox 668 770 1400 833">
    <p class='ocr_par' dir='ltr' id='par_1_1' title="bbox 668 770 1400 833">
     <span class='ocr_line' id='line_1_1' title="bbox 668 770 1400 833; baseline 0.005 -4"><span class='ocrx_word' id='word_1_1' title='bbox 668 784 869 831; x_wconf 75' lang='lat' dir='ltr'><strong>cucuronus</strong></span> <span class='ocrx_word' id='word_1_2' title='bbox 893 785 1027 832; x_wconf 68' lang='lat' dir='ltr'><strong>viarm.</strong></span> <span class='ocrx_word' id='word_1_3' title='bbox 1333 770 1400 833; x_wconf 80' lang='lat'><strong>263</strong></span> 
     </span>
    </p>
   </div>
   <div class='ocr_carea' id='block_1_2' title="bbox 294 950 1425 4602">
    <p class='ocr_par' dir='ltr' id='par_1_2' title="bbox 294 950 1425 4602">
     <span class='ocr_line' id='line_1_2' title="bbox 295 950 1396 1048; baseline 0.001 -21"><span class='ocrx_word' id='word_1_4' title='bbox 295 964 482 1038; x_wconf 86' lang='lat' dir='ltr'><strong>civitatem,</strong></span> <span class='ocrx_word' id='word_1_5' title='bbox 501 971 580 1045; x_wconf 91' lang='lat' dir='ltr'><strong>post</strong></span> <span class='ocrx_word' id='word_1_6' title='bbox 594 963 706 1046; x_wconf 91' lang='lat' dir='ltr'><strong>ipsum</strong></span> <span class='ocrx_word' id='word_1_7' title='bbox 723 964 909 1027; x_wconf 90' lang='lat' dir='ltr'><strong>noluerunt</strong></span> <span class='ocrx_word' id='word_1_8' title='bbox 926 950 1113 1030; x_wconf 85' lang='lat' dir='ltr'><strong>remanere.</strong></span> <span class='ocrx_word' id='word_1_9' title='bbox 1165 965 1396 1048; x_wconf 90' lang='lat' dir='ltr'><strong>Subsequenti</strong></span> 
     </span>
     <span class='ocr_line' id='line_1_3' title="bbox 294 1062 1396 1144; baseline 0.002 -18"><span class='ocrx_word' id='word_1_10' title='bbox 294 1073 377 1126; x_wconf 78' lang='lat' dir='ltr'><strong>v&#39;ero</strong></span> <span class='ocrx_word' id='word_1_11' title='bbox 396 1062 451 1126; x_wconf 90' lang='lat' dir='ltr'><strong>die</strong></span> <span class='ocrx_word' id='word_1_12' title='bbox 466 1062 660 1140; x_wconf 89' lang='lat' dir='ltr'><strong>Dominica,</strong></span> <span class='ocrx_word' id='word_1_13' title='bbox 676 1063 808 1127; x_wconf 91' lang='lat' dir='ltr'><strong>scilicet</strong></span> <span class='ocrx_word' id='word_1_14' title='bbox 826 1082 897 1144; x_wconf 94' lang='lat' dir='ltr'><strong>qua</strong></span> <span class='ocrx_word' id='word_1_15' title='bbox 913 1071 1074 1127; x_wconf 91' lang='lat' dir='ltr'><strong>cantatur</strong></span> <span class='ocrx_word' id='word_1_16' title='bbox 1090 1064 1251 1128; x_wconf 88' lang='lat' dir='ltr'><strong>‘Laetare</strong></span> <span class='ocrx_word' id='word_1_17' title='bbox 1269 1064 1396 1128; x_wconf 91' lang='lat' dir='ltr'><strong>Hieru-</strong></span> 
     </span>
     <span class='ocr_line' id='line_1_4' title="bbox 295 1160 1396 1246; baseline 0.004 -22"><span class='ocrx_word' id='word_1_18' title='bbox 295 1162 427 1237; x_wconf 90' lang='lat' dir='ltr'><strong>salem,&#39;</strong></span> <span class='ocrx_word' id='word_1_19' title='bbox 455 1163 550 1225; x_wconf 90' lang='lat' dir='ltr'><strong>venit</strong></span> <span class='ocrx_word' id='word_1_20' title='bbox 576 1160 711 1238; x_wconf 88' lang='lat' dir='ltr'><strong>Achon‚</strong></span> <span class='ocrx_word' id='word_1_21' title='bbox 737 1169 773 1226; x_wconf 91' lang='lat' dir='ltr'><strong>et</strong></span> <span class='ocrx_word' id='word_1_22' title='bbox 796 1163 831 1225; x_wconf 91' lang='lat' dir='ltr'><strong>in</strong></span> <span class='ocrx_word' id='word_1_23' title='bbox 858 1162 934 1245; x_wconf 89' lang='lat' dir='ltr'><strong>ipsa</strong></span> <span class='ocrx_word' id='word_1_24' title='bbox 964 1164 1105 1227; x_wconf 83' lang='lat' dir='ltr'><strong>civitate</strong></span> <span class='ocrx_word' id='word_1_25' title='bbox 1134 1164 1396 1246; x_wconf 84' lang='lat' dir='ltr'><strong>populum.sibi</strong></span> 
     </span>
     <span class='ocr_line' id='line_1_5' title="bbox 297 1260 1396 1342; baseline 0.003 -19"><span class='ocrx_word' id='word_1_26' title='bbox 297 1260 451 1323; x_wconf 83' lang='lat' dir='ltr'><strong>alliciens</strong></span> <span class='ocrx_word' id='word_1_27' title='bbox 481 1262 513 1323; x_wconf 92' lang='lat' dir='ltr'><strong>ei</strong></span> <span class='ocrx_word' id='word_1_28' title='bbox 539 1262 712 1342; x_wconf 93' lang='lat' dir='ltr'><strong>quandam</strong></span> <span class='ocrx_word' id='word_1_29' title='bbox 745 1262 941 1325; x_wconf 90' lang='lat' dir='ltr'><strong>libertatem</strong></span> <span class='ocrx_word' id='word_1_30' title='bbox 971 1263 1153 1338; x_wconf 86' lang='lat' dir='ltr'><strong>concessit,</strong></span> <span class='ocrx_word' id='word_1_31' title='bbox 1179 1270 1220 1325; x_wconf 91' lang='lat' dir='ltr'><strong>ut</strong></span> <span class='ocrx_word' id='word_1_32' title='bbox 1242 1262 1396 1326; x_wconf 85' lang='lat' dir='ltr'><strong>savorem</strong></span> 
     </span>
     <span class='ocr_line' id='line_1_6' title="bbox 296 1359 1396 1443; baseline 0.003 -22"><span class='ocrx_word' id='word_1_33' title='bbox 296 1360 404 1441; x_wconf 91' lang='lat' dir='ltr'><strong>ipsius</strong></span> <span class='ocrx_word' id='word_1_34' title='bbox 437 1379 499 1440; x_wconf 92' lang='lat' dir='ltr'><strong>per</strong></span> <span class='ocrx_word' id='word_1_35' title='bbox 530 1359 595 1423; x_wconf 92' lang='lat' dir='ltr'><strong>hoc</strong></span> <span class='ocrx_word' id='word_1_36' title='bbox 628 1361 849 1423; x_wconf 86' lang='lat' dir='ltr'><strong>mendicaret.</strong></span> <span class='ocrx_word' id='word_1_37' title='bbox 902 1359 1051 1442; x_wconf 82' lang='lat' dir='ltr'><strong>Propter</strong></span> <span class='ocrx_word' id='word_1_38' title='bbox 1084 1361 1175 1443; x_wconf 94' lang='lat' dir='ltr'><strong>quod</strong></span> <span class='ocrx_word' id='word_1_39' title='bbox 1208 1360 1274 1424; x_wconf 91' lang='lat' dir='ltr'><strong>hoc</strong></span> <span class='ocrx_word' id='word_1_40' title='bbox 1303 1361 1396 1436; x_wconf 82' lang='lat' dir='ltr'><strong>iecit,</strong></span> 
     </span>
     <span class='ocr_line' id='line_1_7' title="bbox 297 1458 1425 1541; baseline -0.001 -21"><span class='ocrx_word' id='word_1_41' title='bbox 297 1459 392 1521; x_wconf 89' lang='lat' dir='ltr'><strong>novit</strong></span> <span class='ocrx_word' id='word_1_42' title='bbox 409 1458 519 1535; x_wconf 91' lang='lat' dir='ltr'><strong>Deus,</strong></span> <span class='ocrx_word' id='word_1_43' title='bbox 544 1466 579 1522; x_wconf 92' lang='lat' dir='ltr'><strong>et</strong></span> <span class='ocrx_word' id='word_1_44' title='bbox 594 1458 747 1541; x_wconf 91' lang='lat' dir='ltr'><strong>ejusdem</strong></span> <span class='ocrx_word' id='word_1_45' title='bbox 769 1477 875 1539; x_wconf 91' lang='lat' dir='ltr'><strong>opera</strong></span> <span class='ocrx_word' id='word_1_46' title='bbox 899 1460 1080 1540; x_wconf 84' lang='lat' dir='ltr'><strong>sequentia</strong></span> <span class='ocrx_word' id='word_1_47' title='bbox 1105 1459 1396 1523; x_wconf 85' lang='lat' dir='ltr'><strong>demonstrarunt.</strong></span> <span class='ocrx_word' id='word_1_48' title='bbox 1421 1510 1425 1519; x_wconf 72' lang='grc'>,</span> 
     </span>
     <span class='ocr_line' id='line_1_8' title="bbox 296 1555 1397 1640; baseline 0.002 -20"><span class='ocrx_word' id='word_1_49' title='bbox 296 1555 384 1620; x_wconf 86' lang='lat' dir='ltr'><strong>Cum</strong></span> <span class='ocrx_word' id='word_1_50' title='bbox 417 1565 532 1621; x_wconf 91' lang='lat' dir='ltr'><strong>autem</strong></span> <span class='ocrx_word' id='word_1_51' title='bbox 564 1558 763 1640; x_wconf 83' lang='lat' dir='ltr'><strong>passagium</strong></span> <span class='ocrx_word' id='word_1_52' title='bbox 795 1558 951 1632; x_wconf 88' lang='lat' dir='ltr'><strong>instaret,</strong></span> <span class='ocrx_word' id='word_1_53' title='bbox 984 1565 1019 1620; x_wconf 91' lang='lat' dir='ltr'><strong>et</strong></span> <span class='ocrx_word' id='word_1_54' title='bbox 1044 1578 1162 1621; x_wconf 89' lang='lat' dir='ltr'><strong>omnes</strong></span> <span class='ocrx_word' id='word_1_55' title='bbox 1189 1559 1397 1622; x_wconf 91' lang='lat' dir='ltr'><strong>unanimiter</strong></span> 
     </span>
     <span class='ocr_line' id='line_1_9' title="bbox 296 1656 1396 1738; baseline 0.002 -20"><span class='ocrx_word' id='word_1_56' title='bbox 296 1658 479 1737; x_wconf 89' lang='lat' dir='ltr'><strong>peregrini,</strong></span> <span class='ocrx_word' id='word_1_57' title='bbox 507 1656 624 1738; x_wconf 89' lang='lat' dir='ltr'><strong>pusilli</strong></span> <span class='ocrx_word' id='word_1_58' title='bbox 648 1676 725 1720; x_wconf 90' lang='lat' dir='ltr'><strong>cum</strong></span> <span class='ocrx_word' id='word_1_59' title='bbox 753 1656 899 1735; x_wconf 90' lang='lat' dir='ltr'><strong>magnis,</strong></span> <span class='ocrx_word' id='word_1_60' title='bbox 925 1656 1067 1720; x_wconf 86' lang='lat' dir='ltr'><strong>visitato</strong></span> <span class='ocrx_word' id='word_1_61' title='bbox 1093 1657 1287 1738; x_wconf 90' lang='lat' dir='ltr'><strong>sepulchro,</strong></span> <span class='ocrx_word' id='word_1_62' title='bbox 1317 1664 1396 1720; x_wconf 91' lang='lat' dir='ltr'><strong>tan·</strong></span> 
     </span>
     <span class='ocr_line' id='line_1_10' title="bbox 295 1755 1395 1836; baseline 0 -19"><span class='ocrx_word' id='word_1_63' title='bbox 295 1773 399 1836; x_wconf 92' lang='lat' dir='ltr'><strong>quam</strong></span> <span class='ocrx_word' id='word_1_64' title='bbox 426 1756 702 1836; x_wconf 87' lang='lat' dir='ltr'><strong>peregrinatione</strong></span> <span class='ocrx_word' id='word_1_65' title='bbox 727 1761 880 1836; x_wconf 91' lang='lat' dir='ltr'><strong>peracta,</strong></span> <span class='ocrx_word' id='word_1_66' title='bbox 910 1761 1116 1836; x_wconf 92' lang='lat' dir='ltr'><strong>pararentur</strong></span> <span class='ocrx_word' id='word_1_67' title='bbox 1144 1755 1188 1817; x_wconf 94' lang='lat' dir='ltr'><strong>ad</strong></span> <span class='ocrx_word' id='word_1_68' title='bbox 1212 1774 1395 1832; x_wconf 85' lang='lat' dir='ltr'><strong>recessum,</strong></span> 
     </span>
     <span class='ocr_line' id='line_1_11' title="bbox 296 1853 1395 1934; baseline 0.001 -18"><span class='ocrx_word' id='word_1_69' title='bbox 296 1872 373 1916; x_wconf 91' lang='lat' dir='ltr'><strong>cum</strong></span> <span class='ocrx_word' id='word_1_70' title='bbox 403 1860 558 1934; x_wconf 88' lang='lat' dir='ltr'><strong>treugam</strong></span> <span class='ocrx_word' id='word_1_71' title='bbox 590 1874 659 1917; x_wconf 92' lang='lat' dir='ltr'><strong>non</strong></span> <span class='ocrx_word' id='word_1_72' title='bbox 689 1854 892 1917; x_wconf 86' lang='lat' dir='ltr'><strong>haberemus</strong></span> <span class='ocrx_word' id='word_1_73' title='bbox 925 1872 1003 1917; x_wconf 91' lang='lat' dir='ltr'><strong>cum</strong></span> <span class='ocrx_word' id='word_1_74' title='bbox 1034 1853 1185 1918; x_wconf 91' lang='lat' dir='ltr'><strong>Soldano</strong></span> <span class='ocrx_word' id='word_1_75' title='bbox 1220 1854 1395 1930; x_wconf 91' lang='lat' dir='ltr'><strong>Damasci,</strong></span> 
     </span>
     <span class='ocr_line' id='line_1_12' title="bbox 295 1952 1398 2036; baseline 0.003 -23"><span class='ocrx_word' id='word_1_76' title='bbox 295 1971 370 2028; x_wconf 89' lang='lat' dir='ltr'><strong>nos,</strong></span> <span class='ocrx_word' id='word_1_77' title='bbox 392 1953 548 2016; x_wconf 87' lang='lat' dir='ltr'><strong>videntes</strong></span> <span class='ocrx_word' id='word_1_78' title='bbox 570 1960 696 2017; x_wconf 91' lang='lat' dir='ltr'><strong>terram</strong></span> <span class='ocrx_word' id='word_1_79' title='bbox 715 1954 790 2036; x_wconf 91' lang='lat' dir='ltr'><strong>jam</strong></span> <span class='ocrx_word' id='word_1_80' title='bbox 813 1952 1014 2016; x_wconf 90' lang='lat' dir='ltr'><strong>destitutam</strong></span> <span class='ocrx_word' id='word_1_81' title='bbox 1039 1959 1074 2017; x_wconf 93' lang='lat' dir='ltr'><strong>et</strong></span> <span class='ocrx_word' id='word_1_82' title='bbox 1090 1972 1112 2016; x_wconf 91' lang='lat' dir='ltr'><strong>a</strong></span> <span class='ocrx_word' id='word_1_83' title='bbox 1131 1953 1321 2035; x_wconf 81' lang='lat' dir='ltr'><strong>peregrinis</strong></span> <span class='ocrx_word' id='word_1_84' title='bbox 1346 1955 1398 2017; x_wconf 86' lang='lat' dir='ltr'><strong>re-&#39;</strong></span> 
     </span>
     <span class='ocr_line' id='line_1_13' title="bbox 295 2050 1396 2128; baseline 0.004 -15"><span class='ocrx_word' id='word_1_85' title='bbox 295 2050 425 2125; x_wconf 89' lang='lat' dir='ltr'><strong>lictam,</strong></span> <span class='ocrx_word' id='word_1_86' title='bbox 456 2052 637 2116; x_wconf 89' lang='lat' dir='ltr'><strong>consilium</strong></span> <span class='ocrx_word' id='word_1_87' title='bbox 661 2051 697 2113; x_wconf 92' lang='lat' dir='ltr'><strong>iu</strong></span> <span class='ocrx_word' id='word_1_88' title='bbox 729 2058 826 2115; x_wconf 90' lang='lat' dir='ltr'><strong>arcto</strong></span> <span class='ocrx_word' id='word_1_89' title='bbox 855 2052 1034 2115; x_wconf 91' lang='lat' dir='ltr'><strong>constituti</strong></span> <span class='ocrx_word' id='word_1_90' title='bbox 1062 2051 1260 2128; x_wconf 80' lang='lat' dir='ltr'><strong>inieramuS,</strong></span> <span class='ocrx_word' id='word_1_91' title='bbox 1286 2060 1326 2116; x_wconf 91' lang='lat' dir='ltr'><strong>ut</strong></span> <span class='ocrx_word' id='word_1_92' title='bbox 1353 2052 1396 2117; x_wconf 90' lang='lat' dir='ltr'><strong>de</strong></span> 
     </span>
     <span class='ocr_line' id='line_1_14' title="bbox 294 2149 1395 2233; baseline 0.001 -21"><span class='ocrx_word' id='word_1_93' title='bbox 294 2149 511 2233; x_wconf 85' lang='lat' dir='ltr'><strong>eleemosyna</strong></span> <span class='ocrx_word' id='word_1_94' title='bbox 526 2152 592 2232; x_wconf 85' lang='lat' dir='ltr'><strong>piae</strong></span> <span class='ocrx_word' id='word_1_95' title='bbox 610 2152 784 2214; x_wconf 90' lang='lat' dir='ltr'><strong>memoriae</strong></span> <span class='ocrx_word' id='word_1_96' title='bbox 799 2151 891 2231; x_wconf 91' lang='lat' dir='ltr'><strong>regis</strong></span> <span class='ocrx_word' id='word_1_97' title='bbox 910 2149 1067 2213; x_wconf 89' lang='lat' dir='ltr'><strong>Franciae</strong></span> <span class='ocrx_word' id='word_1_98' title='bbox 1084 2150 1210 2213; x_wconf 89' lang='lat' dir='ltr'><strong>milites</strong></span> <span class='ocrx_word' id='word_1_99' title='bbox 1228 2169 1291 2232; x_wconf 91' lang='lat' dir='ltr'><strong>pro</strong></span> <span class='ocrx_word' id='word_1_100' title='bbox 1305 2170 1395 2215; x_wconf 90' lang='lat' dir='ltr'><strong>com·</strong></span> 
     </span>
     <span class='ocr_line' id='line_1_15' title="bbox 295 2247 1395 2333; baseline 0.003 -23"><span class='ocrx_word' id='word_1_101' title='bbox 295 2250 390 2311; x_wconf 91' lang='lat' dir='ltr'><strong>muni</strong></span> <span class='ocrx_word' id='word_1_102' title='bbox 417 2249 568 2313; x_wconf 91' lang='lat' dir='ltr'><strong>utilitate</strong></span> <span class='ocrx_word' id='word_1_103' title='bbox 591 2251 826 2330; x_wconf 84' lang='lat' dir='ltr'><strong>retineremus.</strong></span> <span class='ocrx_word' id='word_1_104' title='bbox 880 2247 983 2326; x_wconf 86' lang='lat' dir='ltr'><strong>Quod</strong></span> <span class='ocrx_word' id='word_1_105' title='bbox 1005 2268 1082 2311; x_wconf 92' lang='lat' dir='ltr'><strong>cum</strong></span> <span class='ocrx_word' id='word_1_106' title='bbox 1101 2249 1235 2313; x_wconf 90' lang='lat' dir='ltr'><strong>audiret</strong></span> <span class='ocrx_word' id='word_1_107' title='bbox 1251 2251 1395 2333; x_wconf 91' lang='lat' dir='ltr'><strong>impera-</strong></span> 
     </span>
     <span class='ocr_line' id='line_1_16' title="bbox 296 2348 1396 2430; baseline 0.002 -20"><span class='ocrx_word' id='word_1_108' title='bbox 296 2354 362 2424; x_wconf 90' lang='lat' dir='ltr'><strong>tor,</strong></span> <span class='ocrx_word' id='word_1_109' title='bbox 379 2348 588 2429; x_wconf 89' lang='lat' dir='ltr'><strong>significavit</strong></span> <span class='ocrx_word' id='word_1_110' title='bbox 604 2350 703 2412; x_wconf 89' lang='lat' dir='ltr'><strong>nobis</strong></span> <span class='ocrx_word' id='word_1_111' title='bbox 716 2369 754 2412; x_wconf 90' lang='lat' dir='ltr'><strong>se</strong></span> <span class='ocrx_word' id='word_1_112' title='bbox 771 2368 874 2430; x_wconf 92' lang='lat' dir='ltr'><strong>super</strong></span> <span class='ocrx_word' id='word_1_113' title='bbox 889 2348 954 2411; x_wconf 94' lang='lat' dir='ltr'><strong>hoc</strong></span> <span class='ocrx_word' id='word_1_114' title='bbox 969 2348 1142 2424; x_wconf 90' lang='lat' dir='ltr'><strong>admirari,</strong></span> <span class='ocrx_word' id='word_1_115' title='bbox 1161 2367 1238 2411; x_wconf 92' lang='lat' dir='ltr'><strong>oum</strong></span> <span class='ocrx_word' id='word_1_116' title='bbox 1255 2356 1396 2430; x_wconf 83' lang='lat' dir='ltr'><strong>treugas</strong></span> 
     </span>
     <span class='ocr_line' id='line_1_17' title="bbox 296 2446 1396 2530; baseline 0.002 -21"><span class='ocrx_word' id='word_1_117' title='bbox 296 2464 372 2509; x_wconf 91' lang='lat' dir='ltr'><strong>cum</strong></span> <span class='ocrx_word' id='word_1_118' title='bbox 395 2446 556 2511; x_wconf 86' lang='lat' dir='ltr'><strong>¹Soldano</strong></span> <span class='ocrx_word' id='word_1_119' title='bbox 589 2448 792 2528; x_wconf 89' lang='lat' dir='ltr'><strong>Babyloniae</strong></span> <span class='ocrx_word' id='word_1_120' title='bbox 826 2446 1075 2511; x_wconf 87' lang='lat' dir='ltr'><strong>confirmasset.</strong></span> <span class='ocrx_word' id='word_1_121' title='bbox 1128 2447 1396 2530; x_wconf 88' lang='lat' dir='ltr'><strong>Respondimus,</strong></span> 
     </span>
     <span class='ocr_line' id='line_1_18' title="bbox 297 2533 1396 2628; baseline 0.003 -20"><span class='ocrx_word' id='word_1_122' title='bbox 297 2533 388 2627; x_wconf 86' lang='lat' dir='ltr'><strong>quod</strong></span> <span class='ocrx_word' id='word_1_123' title='bbox 405 2546 518 2609; x_wconf 86' lang='lat' dir='ltr'><strong>adhuc</strong></span> <span class='ocrx_word' id='word_1_124' title='bbox 535 2548 735 2609; x_wconf 89' lang='lat' dir='ltr'><strong>remanebat</strong></span> <span class='ocrx_word' id='word_1_125' title='bbox 750 2546 878 2609; x_wconf 84' lang='lat' dir='ltr'><strong>ferrum</strong></span> <span class='ocrx_word' id='word_1_126' title='bbox 893 2546 929 2608; x_wconf 92' lang='lat' dir='ltr'><strong>in</strong></span> <span class='ocrx_word' id='word_1_127' title='bbox 945 2546 1098 2622; x_wconf 89' lang='lat' dir='ltr'><strong>vulnere,</strong></span> <span class='ocrx_word' id='word_1_128' title='bbox 1116 2566 1162 2610; x_wconf 83' lang='lat' dir='ltr'><strong>ex</strong></span> <span class='ocrx_word' id='word_1_129' title='bbox 1176 2566 1245 2628; x_wconf 91' lang='lat' dir='ltr'><strong>quo</strong></span> <span class='ocrx_word' id='word_1_130' title='bbox 1264 2554 1396 2627; x_wconf 81' lang='lat' dir='ltr'><strong>treugae</strong></span> 
     </span>
     <span class='ocr_line' id='line_1_19' title="bbox 296 2643 1396 2727; baseline 0.002 -20"><span class='ocrx_word' id='word_1_131' title='bbox 296 2645 352 2707; x_wconf 86' lang='lat' dir='ltr'><strong>vel</strong></span> <span class='ocrx_word' id='word_1_132' title='bbox 380 2664 449 2727; x_wconf 89' lang='lat' dir='ltr'><strong>pax</strong></span> <span class='ocrx_word' id='word_1_133' title='bbox 479 2665 547 2708; x_wconf 92' lang='lat' dir='ltr'><strong>non</strong></span> <span class='ocrx_word' id='word_1_134' title='bbox 576 2645 642 2709; x_wconf 85' lang='lat' dir='ltr'><strong>fuit</strong></span> <span class='ocrx_word' id='word_1_135' title='bbox 670 2645 756 2707; x_wconf 89' lang='lat' dir='ltr'><strong>inita</strong></span> <span class='ocrx_word' id='word_1_136' title='bbox 783 2664 862 2707; x_wconf 92' lang='lat' dir='ltr'><strong>cum</strong></span> <span class='ocrx_word' id='word_1_137' title='bbox 888 2643 1040 2707; x_wconf 89' lang='lat' dir='ltr'><strong>Soldano</strong></span> <span class='ocrx_word' id='word_1_138' title='bbox 1070 2644 1247 2720; x_wconf 89' lang='lat' dir='ltr'><strong>Damasci,</strong></span> <span class='ocrx_word' id='word_1_139' title='bbox 1274 2653 1396 2727; x_wconf 89' lang='lat' dir='ltr'><strong>utpote</strong></span> 
     </span>
     <span class='ocr_line' id='line_1_20' title="bbox 296 2742 1396 2826; baseline 0.004 -22"><span class='ocrx_word' id='word_1_140' title='bbox 296 2743 451 2825; x_wconf 84' lang='lat' dir='ltr'><strong>praedicti</strong></span> <span class='ocrx_word' id='word_1_141' title='bbox 476 2743 631 2821; x_wconf 88' lang='lat' dir='ltr'><strong>Soldani,</strong></span> <span class='ocrx_word' id='word_1_142' title='bbox 654 2746 690 2806; x_wconf 89' lang='lat' dir='ltr'><strong>in</strong></span> <span class='ocrx_word' id='word_1_143' title='bbox 718 2743 783 2806; x_wconf 88' lang='lat' dir='ltr'><strong>hoc</strong></span> <span class='ocrx_word' id='word_1_144' title='bbox 806 2744 836 2806; x_wconf 94' lang='lat' dir='ltr'><strong>ei</strong></span> <span class='ocrx_word' id='word_1_145' title='bbox 861 2742 1158 2821; x_wconf 85' lang='lat' dir='ltr'><strong>contradicentes3</strong></span> <span class='ocrx_word' id='word_1_146' title='bbox 1182 2742 1396 2826; x_wconf 88' lang='lat' dir='ltr'><strong>adjicientes,</strong></span> 
     </span>
     <span class='ocr_line' id='line_1_21' title="bbox 296 2835 1393 2925; baseline 0.002 -19"><span class='ocrx_word' id='word_1_147' title='bbox 296 2843 398 2923; x_wconf 89' lang='lat' dir='ltr'><strong>quod,</strong></span> <span class='ocrx_word' id='word_1_148' title='bbox 417 2844 527 2907; x_wconf 90' lang='lat' dir='ltr'><strong>invito</strong></span> <span class='ocrx_word' id='word_1_149' title='bbox 551 2844 656 2906; x_wconf 90' lang='lat' dir='ltr'><strong>etiam</strong></span> <span class='ocrx_word' id='word_1_150' title='bbox 679 2843 830 2906; x_wconf 90' lang='lat' dir='ltr'><strong>Soldano</strong></span> <span class='ocrx_word' id='word_1_151' title='bbox 854 2842 1071 2924; x_wconf 82' lang='lat' dir='ltr'><strong>Babyloniae,</strong></span> <span class='ocrx_word' id='word_1_152' title='bbox 1095 2861 1158 2906; x_wconf 89' lang='lat' dir='ltr'><strong>nos</strong></span> <span class='ocrx_word' id='word_1_153' title='bbox 1177 2852 1296 2925; x_wconf 90' lang='lat' dir='ltr'><strong>posset</strong></span> <span class='ocrx_word' id='word_1_154' title='bbox 1322 2835 1393 2908; x_wconf 89' lang='lat' dir='ltr'><strong>Da-</strong></span> 
     </span>
     <span class='ocr_line' id='line_1_22' title="bbox 296 2940 1397 3023; baseline 0.002 -19"><span class='ocrx_word' id='word_1_155' title='bbox 296 2961 476 3006; x_wconf 88' lang='lat' dir='ltr'><strong>mascenus</strong></span> <span class='ocrx_word' id='word_1_156' title='bbox 505 2943 606 3004; x_wconf 91' lang='lat' dir='ltr'><strong>nimis</strong></span> <span class='ocrx_word' id='word_1_157' title='bbox 627 2940 854 3005; x_wconf 90' lang='lat' dir='ltr'><strong>damnificari.</strong></span> <span class='ocrx_word' id='word_1_158' title='bbox 908 2940 1103 3023; x_wconf 89' lang='lat' dir='ltr'><strong>Respondit</strong></span> <span class='ocrx_word' id='word_1_159' title='bbox 1132 2940 1319 3023; x_wconf 92' lang='lat' dir='ltr'><strong>imperator</strong></span> <span class='ocrx_word' id='word_1_160' title='bbox 1345 2943 1397 3006; x_wconf 92' lang='lat' dir='ltr'><strong>di·</strong></span> 
     </span>
     <span class='ocr_line' id='line_1_23' title="bbox 297 3040 1394 3124; baseline 0.002 -21"><span class='ocrx_word' id='word_1_161' title='bbox 297 3059 390 3117; x_wconf 89' lang='lat' dir='ltr'><strong>cens,</strong></span> <span class='ocrx_word' id='word_1_162' title='bbox 420 3040 512 3122; x_wconf 94' lang='lat' dir='ltr'><strong>quod</strong></span> <span class='ocrx_word' id='word_1_163' title='bbox 537 3040 613 3123; x_wconf 90' lang='lat' dir='ltr'><strong>ejus</strong></span> <span class='ocrx_word' id='word_1_164' title='bbox 640 3040 783 3104; x_wconf 91' lang='lat' dir='ltr'><strong>consilio</strong></span> <span class='ocrx_word' id='word_1_165' title='bbox 807 3047 843 3104; x_wconf 94' lang='lat' dir='ltr'><strong>et</strong></span> <span class='ocrx_word' id='word_1_166' title='bbox 864 3041 1015 3116; x_wconf 88' lang='lat' dir='ltr'><strong>licentia,</strong></span> <span class='ocrx_word' id='word_1_167' title='bbox 1041 3041 1100 3122; x_wconf 94' lang='lat' dir='ltr'><strong>qui</strong></span> <span class='ocrx_word' id='word_1_168' title='bbox 1128 3040 1204 3124; x_wconf 78' lang='lat' dir='ltr'><strong>=jam</strong></span> <span class='ocrx_word' id='word_1_169' title='bbox 1234 3061 1297 3105; x_wconf 85' lang='lat' dir='ltr'><strong>rex</strong></span> <span class='ocrx_word' id='word_1_170' title='bbox 1327 3041 1394 3105; x_wconf 82' lang='lat' dir='ltr'><strong>fuit</strong></span> 
     </span>
     <span class='ocr_line' id='line_1_24' title="bbox 298 3137 1397 3223; baseline 0.002 -22"><span class='ocrx_word' id='word_1_171' title='bbox 298 3137 647 3223; x_wconf 77' lang='lat' dir='ltr'><strong>HierosolymitanuS,</strong></span> <span class='ocrx_word' id='word_1_172' title='bbox 667 3159 736 3203; x_wconf 93' lang='lat' dir='ltr'><strong>non</strong></span> <span class='ocrx_word' id='word_1_173' title='bbox 760 3139 930 3203; x_wconf 91' lang='lat' dir='ltr'><strong>debebant</strong></span> <span class='ocrx_word' id='word_1_174' title='bbox 947 3139 1073 3202; x_wconf 92' lang='lat' dir='ltr'><strong>milites</strong></span> <span class='ocrx_word' id='word_1_175' title='bbox 1088 3141 1240 3220; x_wconf 84' lang='lat' dir='ltr'><strong>guerrivi</strong></span> <span class='ocrx_word' id='word_1_176' title='bbox 1258 3141 1397 3204; x_wconf 89' lang='lat' dir='ltr'><strong>retineri</strong></span> 
     </span>
     <span class='ocr_line' id='line_1_25' title="bbox 295 3235 1397 3320; baseline 0.004 -21"><span class='ocrx_word' id='word_1_177' title='bbox 295 3237 331 3299; x_wconf 92' lang='lat' dir='ltr'><strong>in</strong></span> <span class='ocrx_word' id='word_1_178' title='bbox 356 3257 462 3319; x_wconf 89' lang='lat' dir='ltr'><strong>regno</strong></span> <span class='ocrx_word' id='word_1_179' title='bbox 487 3257 562 3300; x_wconf 91' lang='lat' dir='ltr'><strong>suo.</strong></span> <span class='ocrx_word' id='word_1_180' title='bbox 614 3235 671 3300; x_wconf 88' lang='lat' dir='ltr'><strong>Ad</strong></span> <span class='ocrx_word' id='word_1_181' title='bbox 689 3238 781 3320; x_wconf 92' lang='lat' dir='ltr'><strong>quod</strong></span> <span class='ocrx_word' id='word_1_182' title='bbox 805 3237 1056 3318; x_wconf 86' lang='lat' dir='ltr'><strong>respondimus,</strong></span> <span class='ocrx_word' id='word_1_183' title='bbox 1080 3237 1174 3320; x_wconf 94' lang='lat' dir='ltr'><strong>quod</strong></span> <span class='ocrx_word' id='word_1_184' title='bbox 1202 3258 1308 3320; x_wconf 90' lang='lat' dir='ltr'><strong>super</strong></span> <span class='ocrx_word' id='word_1_185' title='bbox 1330 3239 1397 3303; x_wconf 92' lang='lat' dir='ltr'><strong>hoc</strong></span> 
     </span>
     <span class='ocr_line' id='line_1_26' title="bbox 298 3335 1393 3418; baseline 0.003 -20"><span class='ocrx_word' id='word_1_186' title='bbox 298 3336 482 3417; x_wconf 89' lang='lat' dir='ltr'><strong>plurimum</strong></span> <span class='ocrx_word' id='word_1_187' title='bbox 509 3336 721 3411; x_wconf 90' lang='lat' dir='ltr'><strong>dolebamus,</strong></span> <span class='ocrx_word' id='word_1_188' title='bbox 743 3335 834 3418; x_wconf 95' lang='lat' dir='ltr'><strong>quod</strong></span> <span class='ocrx_word' id='word_1_189' title='bbox 857 3337 900 3399; x_wconf 91' lang='lat' dir='ltr'><strong>de</strong></span> <span class='ocrx_word' id='word_1_190' title='bbox 922 3335 976 3398; x_wconf 91' lang='lat' dir='ltr'><strong>his</strong></span> <span class='ocrx_word' id='word_1_191' title='bbox 1002 3343 1037 3399; x_wconf 91' lang='lat' dir='ltr'><strong>et</strong></span> <span class='ocrx_word' id='word_1_192' title='bbox 1051 3336 1285 3400; x_wconf 90' lang='lat' dir='ltr'><strong>consimilibus</strong></span> <span class='ocrx_word' id='word_1_193' title='bbox 1311 3357 1393 3401; x_wconf 93' lang='lat' dir='ltr'><strong>con·</strong></span> 
     </span>
     <span class='ocr_line' id='line_1_27' title="bbox 297 3433 1395 3516; baseline 0.002 -20"><span class='ocrx_word' id='word_1_194' title='bbox 297 3435 412 3497; x_wconf 91' lang='lat' dir='ltr'><strong>silium</strong></span> <span class='ocrx_word' id='word_1_195' title='bbox 441 3434 552 3516; x_wconf 85' lang='lat' dir='ltr'><strong>ipsius</strong></span> <span class='ocrx_word' id='word_1_196' title='bbox 580 3434 883 3510; x_wconf 88' lang='lat' dir='ltr'><strong>excommunicati,</strong></span> <span class='ocrx_word' id='word_1_197' title='bbox 908 3433 982 3497; x_wconf 91' lang='lat' dir='ltr'><strong>sine</strong></span> <span class='ocrx_word' id='word_1_198' title='bbox 1014 3435 1165 3515; x_wconf 90' lang='lat' dir='ltr'><strong>periculo</strong></span> <span class='ocrx_word' id='word_1_199' title='bbox 1192 3435 1395 3512; x_wconf 89' lang='lat' dir='ltr'><strong>animarum,</strong></span> 
     </span>
     <span class='ocr_line' id='line_1_28' title="bbox 298 3532 1394 3616; baseline -0.001 -20"><span class='ocrx_word' id='word_1_200' title='bbox 298 3552 367 3596; x_wconf 90' lang='lat' dir='ltr'><strong>non</strong></span> <span class='ocrx_word' id='word_1_201' title='bbox 396 3534 571 3615; x_wconf 93' lang='lat' dir='ltr'><strong>potuimus</strong></span> <span class='ocrx_word' id='word_1_202' title='bbox 602 3540 817 3616; x_wconf 86' lang='lat' dir='ltr'><strong>exspectare.</strong></span> <span class='ocrx_word' id='word_1_203' title='bbox 869 3532 927 3609; x_wconf 91' lang='lat' dir='ltr'><strong>Et,</strong></span> <span class='ocrx_word' id='word_1_204' title='bbox 951 3552 1028 3595; x_wconf 91' lang='lat' dir='ltr'><strong>cum</strong></span> <span class='ocrx_word' id='word_1_205' title='bbox 1057 3532 1191 3595; x_wconf 92' lang='lat' dir='ltr'><strong>adhoc</strong></span> <span class='ocrx_word' id='word_1_206' title='bbox 1220 3533 1268 3596; x_wconf 94' lang='lat' dir='ltr'><strong>nil</strong></span> <span class='ocrx_word' id='word_1_207' title='bbox 1293 3535 1394 3597; x_wconf 92' lang='lat' dir='ltr'><strong>nobis</strong></span> 
     </span>
     <span class='ocr_line' id='line_1_29' title="bbox 298 3622 1397 3712; baseline 0.003 -19"><span class='ocrx_word' id='word_1_208' title='bbox 298 3622 485 3712; x_wconf 87' lang='lat' dir='ltr'><strong>imperator</strong></span> <span class='ocrx_word' id='word_1_209' title='bbox 498 3632 728 3709; x_wconf 90' lang='lat' dir='ltr'><strong>remandaret,</strong></span> <span class='ocrx_word' id='word_1_210' title='bbox 752 3631 807 3696; x_wconf 91' lang='lat' dir='ltr'><strong>die</strong></span> <span class='ocrx_word' id='word_1_211' title='bbox 829 3630 988 3712; x_wconf 90' lang='lat' dir='ltr'><strong>sequenti</strong></span> <span class='ocrx_word' id='word_1_212' title='bbox 1004 3631 1086 3694; x_wconf 85' lang='lat' dir='ltr'><strong>fecit</strong></span> <span class='ocrx_word' id='word_1_213' title='bbox 1102 3637 1204 3695; x_wconf 89' lang='lat' dir='ltr'><strong>extra</strong></span> <span class='ocrx_word' id='word_1_214' title='bbox 1220 3631 1397 3696; x_wconf 89' lang='lat' dir='ltr'><strong>civitatem</strong></span> 
     </span>
     <span class='ocr_line' id='line_1_30' title="bbox 298 3729 1398 3813; baseline 0.002 -20"><span class='ocrx_word' id='word_1_215' title='bbox 298 3748 360 3810; x_wconf 90' lang='lat' dir='ltr'><strong>per</strong></span> <span class='ocrx_word' id='word_1_216' title='bbox 386 3750 579 3813; x_wconf 89' lang='lat' dir='ltr'><strong>praeconem</strong></span> <span class='ocrx_word' id='word_1_217' title='bbox 608 3731 783 3812; x_wconf 89' lang='lat' dir='ltr'><strong>publicum</strong></span> <span class='ocrx_word' id='word_1_218' title='bbox 808 3731 1012 3812; x_wconf 85' lang='lat' dir='ltr'><strong>congregari</strong></span> <span class='ocrx_word' id='word_1_219' title='bbox 1040 3729 1240 3813; x_wconf 90' lang='lat' dir='ltr'><strong>peregrinos</strong></span> <span class='ocrx_word' id='word_1_220' title='bbox 1262 3730 1398 3795; x_wconf 88' lang='lat' dir='ltr'><strong>habita·</strong></span> 
     </span>
     <span class='ocr_line' id='line_1_31' title="bbox 298 3829 1399 3912; baseline 0.001 -21"><span class='ocrx_word' id='word_1_221' title='bbox 298 3835 391 3891; x_wconf 89' lang='lat' dir='ltr'><strong>tores</strong></span> <span class='ocrx_word' id='word_1_222' title='bbox 420 3830 585 3906; x_wconf 86' lang='lat' dir='ltr'><strong>civitatis,</strong></span> <span class='ocrx_word' id='word_1_223' title='bbox 609 3848 651 3892; x_wconf 92' lang='lat' dir='ltr'><strong>ac</strong></span> <span class='ocrx_word' id='word_1_224' title='bbox 676 3850 739 3912; x_wconf 90' lang='lat' dir='ltr'><strong>per</strong></span> <span class='ocrx_word' id='word_1_225' title='bbox 761 3829 929 3912; x_wconf 87' lang='lat' dir='ltr'><strong>speciales</strong></span> <span class='ocrx_word' id='word_1_226' title='bbox 949 3830 1089 3893; x_wconf 91' lang='lat' dir='ltr'><strong>nuntios</strong></span> <span class='ocrx_word' id='word_1_227' title='bbox 1109 3829 1273 3909; x_wconf 83' lang='lat' dir='ltr'><strong>praelatos</strong></span> <span class='ocrx_word' id='word_1_228' title='bbox 1295 3829 1399 3893; x_wconf 91' lang='lat' dir='ltr'><strong>simul</strong></span> 
     </span>
     <span class='ocr_line' id='line_1_32' title="bbox 299 3927 1399 4010; baseline 0.001 -20"><span class='ocrx_word' id='word_1_229' title='bbox 299 3933 334 3990; x_wconf 92' lang='lat' dir='ltr'><strong>et</strong></span> <span class='ocrx_word' id='word_1_230' title='bbox 351 3927 531 4009; x_wconf 89' lang='lat' dir='ltr'><strong>religiosos</strong></span> <span class='ocrx_word' id='word_1_231' title='bbox 548 3929 583 3990; x_wconf 92' lang='lat' dir='ltr'><strong>in</strong></span> <span class='ocrx_word' id='word_1_232' title='bbox 602 3928 745 4004; x_wconf 91' lang='lat' dir='ltr'><strong>sabulo;</strong></span> <span class='ocrx_word' id='word_1_233' title='bbox 774 3929 864 3991; x_wconf 91' lang='lat' dir='ltr'><strong>inter</strong></span> <span class='ocrx_word' id='word_1_234' title='bbox 880 3947 968 4010; x_wconf 91' lang='lat' dir='ltr'><strong>quos</strong></span> <span class='ocrx_word' id='word_1_235' title='bbox 985 3929 1059 4009; x_wconf 91' lang='lat' dir='ltr'><strong>ipse</strong></span> <span class='ocrx_word' id='word_1_236' title='bbox 1072 3928 1300 4010; x_wconf 90' lang='lat' dir='ltr'><strong>personaliter</strong></span> <span class='ocrx_word' id='word_1_237' title='bbox 1317 3948 1399 3991; x_wconf 91' lang='lat' dir='ltr'><strong>con·</strong></span> 
     </span>
     <span class='ocr_line' id='line_1_33' title="bbox 299 4025 1399 4109; baseline 0 -21"><span class='ocrx_word' id='word_1_238' title='bbox 299 4025 442 4089; x_wconf 89' lang='lat' dir='ltr'><strong>stitutus</strong></span> <span class='ocrx_word' id='word_1_239' title='bbox 465 4027 577 4108; x_wconf 85' lang='lat' dir='ltr'><strong>primo</strong></span> <span class='ocrx_word' id='word_1_240' title='bbox 598 4027 705 4109; x_wconf 90' lang='lat' dir='ltr'><strong>coepit</strong></span> <span class='ocrx_word' id='word_1_241' title='bbox 728 4026 770 4090; x_wconf 93' lang='lat' dir='ltr'><strong>de</strong></span> <span class='ocrx_word' id='word_1_242' title='bbox 792 4026 892 4090; x_wconf 89' lang='lat' dir='ltr'><strong>nobis</strong></span> <span class='ocrx_word' id='word_1_243' title='bbox 918 4027 1073 4104; x_wconf 87' lang='lat' dir='ltr'><strong>graviter</strong></span> <span class='ocrx_word' id='word_1_244' title='bbox 1090 4026 1265 4106; x_wconf 89' lang='lat' dir='ltr'><strong>conqueri,</strong></span> <span class='ocrx_word' id='word_1_245' title='bbox 1291 4025 1399 4089; x_wconf 85' lang='lat' dir='ltr'><strong>falsas</strong></span> 
     </span>
     <span class='ocr_line' id='line_1_34' title="bbox 299 4123 1399 4205; baseline 0 -19"><span class='ocrx_word' id='word_1_246' title='bbox 299 4125 530 4205; x_wconf 91' lang='lat' dir='ltr'><strong>querimonias</strong></span> <span class='ocrx_word' id='word_1_247' title='bbox 560 4124 780 4189; x_wconf 89' lang='lat' dir='ltr'><strong>cumulando.</strong></span> <span class='ocrx_word' id='word_1_248' title='bbox 836 4123 1007 4200; x_wconf 91' lang='lat' dir='ltr'><strong>Secundo,</strong></span> <span class='ocrx_word' id='word_1_249' title='bbox 1039 4123 1082 4186; x_wconf 92' lang='lat' dir='ltr'><strong>ad</strong></span> <span class='ocrx_word' id='word_1_250' title='bbox 1115 4123 1228 4185; x_wconf 86' lang='lat' dir='ltr'><strong>virum</strong></span> <span class='ocrx_word' id='word_1_251' title='bbox 1258 4142 1399 4186; x_wconf 90' lang='lat' dir='ltr'><strong>venera-</strong></span> 
     </span>
     <span class='ocr_line' id='line_1_35' title="bbox 299 4221 1399 4305; baseline 0.001 -21"><span class='ocrx_word' id='word_1_252' title='bbox 299 4222 401 4286; x_wconf 91' lang='lat' dir='ltr'><strong>bilem</strong></span> <span class='ocrx_word' id='word_1_253' title='bbox 427 4225 630 4305; x_wconf 88' lang='lat' dir='ltr'><strong>magistrum</strong></span> <span class='ocrx_word' id='word_1_254' title='bbox 657 4224 794 4305; x_wconf 86' lang='lat' dir='ltr'><strong>Templi</strong></span> <span class='ocrx_word' id='word_1_255' title='bbox 818 4241 1010 4287; x_wconf 89' lang='lat' dir='ltr'><strong>sermonem</strong></span> <span class='ocrx_word' id='word_1_256' title='bbox 1034 4228 1248 4302; x_wconf 90' lang='lat' dir='ltr'><strong>retorquens,</strong></span> <span class='ocrx_word' id='word_1_257' title='bbox 1271 4221 1399 4285; x_wconf 89' lang='lat' dir='ltr'><strong>famam</strong></span> 
     </span>
     <span class='ocr_line' id='line_1_36' title="bbox 299 4319 1399 4403; baseline 0.001 -21"><span class='ocrx_word' id='word_1_258' title='bbox 299 4339 397 4385; x_wconf 89' lang='lat' dir='ltr'><strong>suam</strong></span> <span class='ocrx_word' id='word_1_259' title='bbox 415 4330 558 4386; x_wconf 89' lang='lat' dir='ltr'><strong>conatus</strong></span> <span class='ocrx_word' id='word_1_260' title='bbox 576 4330 630 4386; x_wconf 91' lang='lat' dir='ltr'><strong>est</strong></span> <span class='ocrx_word' id='word_1_261' title='bbox 645 4322 780 4403; x_wconf 90' lang='lat' dir='ltr'><strong>publice</strong></span> <span class='ocrx_word' id='word_1_262' title='bbox 800 4320 907 4386; x_wconf 87' lang='lat' dir='ltr'><strong>variis</strong></span> <span class='ocrx_word' id='word_1_263' title='bbox 929 4341 971 4385; x_wconf 94' lang='lat' dir='ltr'><strong>ac</strong></span> <span class='ocrx_word' id='word_1_264' title='bbox 987 4321 1086 4385; x_wconf 87' lang='lat' dir='ltr'><strong>vanis</strong></span> <span class='ocrx_word' id='word_1_265' title='bbox 1104 4319 1399 4384; x_wconf 90' lang='lat' dir='ltr'><strong>sermocinationi·</strong></span> 
     </span>
     <span class='ocr_line' id='line_1_37' title="bbox 299 4418 1399 4501; baseline 0.001 -20"><span class='ocrx_word' id='word_1_266' title='bbox 299 4419 363 4483; x_wconf 89' lang='lat' dir='ltr'><strong>bus</strong></span> <span class='ocrx_word' id='word_1_267' title='bbox 379 4439 449 4484; x_wconf 90' lang='lat' dir='ltr'><strong>non</strong></span> <span class='ocrx_word' id='word_1_268' title='bbox 463 4421 679 4485; x_wconf 90' lang='lat' dir='ltr'><strong>mediocriter</strong></span> <span class='ocrx_word' id='word_1_269' title='bbox 696 4419 897 4499; x_wconf 79' lang='lat' dir='ltr'><strong>obfuscare3</strong></span> <span class='ocrx_word' id='word_1_270' title='bbox 929 4427 964 4483; x_wconf 92' lang='lat' dir='ltr'><strong>et</strong></span> <span class='ocrx_word' id='word_1_271' title='bbox 980 4421 1031 4483; x_wconf 91' lang='lat' dir='ltr'><strong>sic</strong></span> <span class='ocrx_word' id='word_1_272' title='bbox 1052 4418 1189 4500; x_wconf 90' lang='lat' dir='ltr'><strong>culpam</strong></span> <span class='ocrx_word' id='word_1_273' title='bbox 1213 4420 1399 4501; x_wconf 91' lang='lat' dir='ltr'><strong>propriam,</strong></span> 
     </span>
     <span class='ocr_line' id='line_1_38' title="bbox 298 4517 1400 4602; baseline -0.001 -21"><span class='ocrx_word' id='word_1_274' title='bbox 298 4538 377 4599; x_wconf 88' lang='lat' dir='ltr'><strong>quae</strong></span> <span class='ocrx_word' id='word_1_275' title='bbox 390 4519 465 4602; x_wconf 90' lang='lat' dir='ltr'><strong>jam</strong></span> <span class='ocrx_word' id='word_1_276' title='bbox 482 4520 778 4594; x_wconf 85' lang='lat' dir='ltr'><strong>manifestabatur,</strong></span> <span class='ocrx_word' id='word_1_277' title='bbox 803 4517 1005 4581; x_wconf 91' lang='lat' dir='ltr'><strong>intendebat</strong></span> <span class='ocrx_word' id='word_1_278' title='bbox 1025 4519 1061 4581; x_wconf 95' lang='lat' dir='ltr'><strong>in</strong></span> <span class='ocrx_word' id='word_1_279' title='bbox 1082 4518 1169 4582; x_wconf 89' lang='lat' dir='ltr'><strong>alios</strong></span> <span class='ocrx_word' id='word_1_280' title='bbox 1189 4525 1400 4598; x_wconf 89' lang='lat' dir='ltr'><strong>retorquere,</strong></span> 
     </span>
    </p>
   </div>
   <div class='ocr_carea' id='block_1_3' title="bbox 0 0 1699 5625">
    <p class='ocr_par' dir='ltr' id='par_1_3' title="bbox 0 0 1699 5625">
     <span class='ocr_line' id='line_1_39' title="bbox 0 0 1699 5625; baseline 0 0"><span class='ocrx_word' id='word_1_281' title='bbox 0 0 1699 5625; x_wconf 95' lang='lat' dir='ltr'><strong> </strong></span> 
     </span>
    </p>
   </div>
  </div>
 </body>
</html>
