3384 5625
330 751 375 814 60
706 766 908 815 uncmonss
932 768 1066 817 vomu.

343 890 399 927 PAG.
423 890 473 927 uu.

330 955 406 1027 188,
423 955 475 1028 24,
491 952 637 1015 contrivit
729 951 824 1015 addit
855 952 982 1029 Paris,
1018 951 1220 1017 Mortalitas
1249 961 1331 1017 tuuc
1362 961 1439 1019 erat

754 1051 954 1115 animalium
989 1052 1154 1129 maxima,
1184 1051 1293 1116 sames
1323 1053 1439 1118 valida

754 1152 790 1213 in
803 1150 1033 1215 Normannia.
1061 1151 1249 1228 Henricus,
1266 1173 1329 1215 rex
1344 1152 1439 1215 Teu-

755 1251 903 1328 tonicus,
927 1249 1133 1315 Paschalem
1152 1270 1280 1334 papam
1302 1252 1338 1315 in
1359 1271 1438 1315 ous-

755 1349 882 1413 todiam
902 1351 1031 1431 posuit.

330 1473 403 1548 189,
441 1476 472 1549 8,
487 1475 564 1557 quin
730 1472 814 1553 quin
831 1472 1042 1554 diligentius.

331 1598 404 1675 190,
422 1600 474 1675 21,
486 1600 647 1683 portiano
729 1596 916 1678 pertinent.

492 1699 537 1761 rit
631 1748 637 1760 .

327 1856 378 1865 -
423 1824 475 1898 31,
491 1822 662 1907 rosipoorct
730 1817 823 1881 addit
856 1816 983 1893 Paris,
1016 1815 1096 1881 Hoc
1128 1836 1219 1882 anno
1252 1819 1346 1882 facta
1380 1826 1435 1883 est

753 1916 928 1980 hominum
945 1915 1138 1980 mortalitas
1153 1918 1318 1982 maxima.

331 2045 403 2118 191,
423 2046 475 2118 32,
491 2066 565 2107 noro
730 2049 776 2104 et.

330 2168 403 2243 192,
442 2170 472 2243 4,
489 2169 599 2232 occido
729 2166 860 2230 vexillo
878 2165 1026 2248 aufugit.

327 2326 379 2337 -
424 2293 477 2367 25,
486 2313 585 2375 possa
602 2302 645 2357 ert
729 2290 822 2353 addit
843 2290 971 2366 Paris,
989 2288 1125 2367 Quarto
1143 2289 1311 2356 kalendas
1324 2289 1431 2373 Apri-

752 2389 795 2451 lis
816 2389 976 2452 Tamesis
1001 2390 1194 2454 exsiccatus
1217 2397 1323 2454 estet
1341 2410 1434 2455 mare

752 2489 796 2551 ad
810 2488 989 2551 duodecim
1001 2488 1162 2552 milliaria
1173 2510 1234 2572 per
1247 2490 1334 2554 duos
1347 2489 1431 2554 dies.

753 2587 974 2670 Radulphus,
1014 2589 1197 2670 episcopus
1245 2589 1432 2666 RoffensiS,

754 2687 896 2769 cligitur
919 2687 962 2750 ad
985 2688 1318 2770 archiepiscopatum
1341 2686 1433 2752 Can·

752 2788 962 2851 tuariensem
997 2796 1098 2852 sexto
1129 2786 1297 2853 kalendas
1330 2788 1431 2855 Maii.

753 2887 884 2976 Eodem
898 2906 1036 2970 quoque
1048 2895 1201 2970 tempore
1210 2896 1433 2972 tempestates

753 2987 871 3050 multae
887 2995 1150 3067 personuerunt,
1169 2997 1304 3052 cometa
1324 3007 1433 3070 appa·

753 3087 823 3149 ruit
838 3105 955 3149 mense
971 3086 1070 3163 Maii,
1093 3087 1272 3152 dedicatur
1287 3086 1433 3152 ecclesia

752 3184 1025 3250 Cantuariensis

330 3308 547 3389 193,17,roo
562 3311 680 3375 chri-
728 3311 763 3373 in
795 3311 1008 3380 contermino
1040 3309 1208 3392 praeteriti
1246 3316 1281 3373 et
1310 3312 1433 3374 subse-

490 3413 679 3476 cos.‚.Lin-
752 3411 890 3494 quentis
920 3411 1015 3487 anni,
1046 3429 1109 3472 rex
1143 3408 1318 3472 Heuricus
1352 3430 1431 3474 cum

491 3511 650 3574 coloniensis
751 3511 873 3590 regina
892 3528 967 3583 sua,
989 3507 1033 3570 ad
1060 3508 1176 3572 natale
1201 3507 1354 3585 Domini,
1376 3509 1432 3572 dic

493 3611 618 3673 notatos
751 3609 884 3671 scilicet
900 3607 1152 3684 Innocentium,
1165 3607 1322 3671 interfuit
1336 3608 1432 3672 dedi-

752 3707 879 3769 cationi
889 3706 1043 3769 ecclesiae
1055 3708 1166 3771 sancti
1176 3705 1315 3783 Albani,
1327 3726 1432 3789 quam

751 3805 923 3870 dedicavit
940 3805 1218 3889 archiepiscopus
1237 3806 1431 3870 Rothoma·

751 3906 867 3986 gensis
893 3904 1095 3969 Gaufridus.
1148 3905 1228 3982 Sed,
1256 3925 1336 3969 cum
1358 3926 1430 3988 prae

752 4004 988 4085 magnitudine
1018 4005 1172 4069 ecolesiae
1213 4004 1431 4086 latigaretur,

750 4104 856 4168 subiit
872 4124 959 4168 onus
976 4105 1152 4170 Robertus
1166 4104 1431 4173 Liucolniensis.

329 4228 637 4305 1912909199-
727 4228 821 4292 oddit
849 4227 977 4305 Paris„
1003 4227 1105 4291 Luna
1128 4227 1223 4292 facta
1251 4234 1304 4290 est
1329 4226 1431 4308 quasi

491 4336 566 4389 root
750 4328 942 4409 sanguinea
976 4326 1078 4391 tertio
1107 4327 1185 4390 idus
1216 4327 1429 4392 Decembris

751 4428 927 4491 Robcrtus
939 4427 1032 4508 prior
1042 4445 1119 4489 eum
1131 4427 1253 4508 paucis
1264 4425 1429 4488 fratribus

751 4527 967 4591 Moretonam
984 4525 1093 4607 primo
1111 4525 1267 4589 habitare
1284 4524 1421 4607 coepit-
