3384 5625
367 780 433 845 278
733 796 935 844 nncrronns
961 796 1090 844 vania.

415 980 475 1063 jus
496 978 590 1042 obito
611 998 688 1042 cum
711 980 928 1056 nuntiaretur
951 978 1112 1043 Huberto
1135 979 1177 1042 de
1200 980 1320 1061 Bur-go
1343 1000 1473 1059 rumor,

419 1089 454 1142 et
468 1079 639 1142 diceretur
658 1078 749 1161 quod
772 1098 862 1143 unus
880 1078 923 1141 de
941 1079 1103 1141 maximis
1120 1080 1275 1143 hostibus
1292 1080 1365 1143 suis
1383 1100 1474 1144 mor-

420 1186 501 1243 tuus
522 1186 624 1253 esset,
650 1179 708 1242 ille
728 1185 907 1260 assumpto
936 1178 1066 1259 gemitu
1094 1180 1156 1258 ait,
1178 1179 1417 1262 ‘Propitietur
1440 1181 1473 1244 ei

421 1278 603 1342 Dominus,
656 1278 722 1341 Ille
735 1279 837 1342 homo
856 1297 952 1341 meus
973 1277 1039 1342 fuit
1058 1278 1101 1342 de
1122 1280 1279 1344 manibus
1301 1281 1384 1357 suia,
1409 1300 1474 1344 nec

422 1386 537 1442 tamen
566 1396 718 1460 unquam
740 1378 823 1441 mihi
846 1378 987 1459 profuit,
1009 1377 1069 1441 ubi
1091 1379 1211 1442 obesse
1234 1380 1372 1461 potuit.’
1425 1380 1474 1445 Et

423 1478 595 1560 accipiens
620 1478 823 1559 psalterium
842 1478 940 1542 stetit
964 1485 1045 1542 ante
1068 1478 1190 1555 altare,
1210 1479 1341 1543 scilicet
1355 1479 1393 1542 in
1416 1500 1475 1569 ca-

423 1577 526 1660 pella,
544 1579 704 1642 obsessus
721 1579 780 1642 ubi
796 1585 880 1642 tunc
896 1584 983 1655 erat,
1001 1584 1036 1641 et
1049 1579 1217 1661 incipiens
1233 1578 1358 1645 stando
1378 1599 1474 1643 com·

422 1678 532 1760 plevit
560 1697 669 1760 usque
702 1679 738 1741 in
770 1678 871 1741 finem
901 1677 1026 1742 devote
1056 1697 1119 1759 pro
1151 1679 1265 1742 anima
1294 1678 1475 1762 Rannlphi

423 1777 610 1859 saepedicti.
676 1776 850 1841 Successit
876 1777 985 1840 eidem
1024 1777 1210 1860 Ranulpho
1237 1778 1274 1841 in
1306 1780 1474 1843 comitatu

424 1876 568 1941 Cestriae
599 1876 622 1939 J
625 1877 778 1940 ohannes
808 1896 915 1957 nepos
947 1875 1024 1959 ejus
1054 1896 1097 1939 ex
1124 1895 1241 1941 sorore
1269 1896 1345 1955 sua,
1369 1898 1473 1960 quem

423 1976 544 2057 genuit
563 1995 677 2040 comes
702 1975 817 2040 David
840 1976 948 2040 frater
965 1975 1131 2039 Willelmi
1153 1975 1245 2058 regis
1269 1976 1473 2057 Scotorum3

423 2076 511 2140 alius
528 2083 643 2139 autem
666 2094 773 2159 nepos
789 2076 865 2160 ejus
885 2096 930 2139 ex
953 2095 1072 2139 sorore
1094 2096 1159 2140 sua
1176 2076 1365 2140 Lincolniae
1385 2078 1473 2141 obti-

423 2176 497 2240 nuit
516 2176 729 2251 comitatum,
752 2175 845 2239 etde
870 2177 997 2239 barone
1019 2195 1134 2241 comes
1153 2176 1295 2239 effectus
1318 2183 1392 2256 est3
1419 2197 1474 2241 co-

422 2291 494 2338 mes
522 2295 660 2358 quoque
688 2274 884 2352 Harundel,
910 2275 999 2340 alius
1026 2295 1132 2358 nepos
1155 2276 1241 2360 ejus,
1263 2276 1473 2358 quingentas

422 2374 566 2438 libratas
584 2382 684 2439 terrae
701 2376 863 2457 suscepit.

382 2514 437 2549 Pac.
461 2514 513 2551 uri.

374 2578 447 2655 253,
467 2572 520 2653 27,
538 2596 614 2661 sape
634 2575 712 2640 atat
771 2576 947 2643 ducentes.

541 2676 723 2740 ...Londo-

535 2776 662 2840 ciarum

372 2935 423 2944 -
468 2901 522 2974 29,
537 2899 704 2984 dpututcr
772 2896 1008 2978 deputaretur,
1037 2899 1073 2961 in
1101 2899 1187 2963 turri
1218 2899 1350 2965 scilicet
1383 2899 1474 2964 Lon-

541 2998 576 3061 ic
590 2999 674 3061 turri
794 2995 961 3059 demensi.

373 3164 423 3173 -
468 3123 520 3196 33,
537 3121 694 3185 Hauricus
775 3117 905 3182 Eodem
947 3127 1099 3202 tempore
1133 3122 1226 3185 misit
1261 3122 1374 3187 dictus
1411 3145 1476 3188 rex

796 3218 915 3281 literas
933 3219 994 3296 eis,
1015 3239 1102 3302 quos
1116 3221 1258 3285 idoneos
1275 3222 1478 3288 decreverat

797 3317 997 3381 collectores
1015 3319 1287 3401 quadragesimae
1310 3323 1375 3385 sibi
1394 3343 1478 3386 con-

798 3436 916 3495 cessae,
932 3419 995 3481 sub
1011 3417 1075 3482 hac
1091 3418 1222 3499 forma3
1247 3427 1256 3454 ‘
1272 3421 1459 3487 Henricns.

377 3542 452 3614 254,
472 3539 523 3616 16,
533 3536 717 3623 praebendo·
775 3541 1062 3623 praebendalibus

542 3638 583 3702 tis

375 3760 449 3834 256,
490 3759 564 3833 aa·
777 3761 975 3843 Ranulpho.

378 3879 697 3964 257,12,Praecepc't
777 3886 895 3951 Petiit.

378 4046 428 4056 -
473 4006 527 4081 21,
543 4012 606 4067 octo
624 4002 728 4069 millio
777 4025 863 4070 vasa
893 4026 999 4072 aurea
1022 4016 1056 4072 et
1081 4016 1246 4090 argentea
1268 4010 1480 4092 impretiabi-

544 4152 550 4164 .
568 4152 575 4165 .
590 4152 597 4166 .
612 4105 727 4169 cacodo-
799 4106 859 4184 lla,
877 4114 912 4171 et
931 4107 1099 4186 denarios
1125 4115 1161 4171 et
1177 4128 1331 4189 gemmas
1349 4112 1478 4176 multas

538 4201 611 4266 baut
799 4207 982 4286 pretiosas,
996 4228 1073 4291 quae
1088 4206 1118 4272 si
1130 4215 1403 4288 numerarentur,
1418 4212 1480 4275 ad-

799 4297 1015 4370 mirationem
1042 4307 1257 4372 audientibus
1278 4309 1327 4371 rei
1349 4311 1480 4376 veritas

797 4413 988 4485 generaret.

377 4555 428 4568 -—-
472 4525 523 4600 30,
540 4545 593 4586 reu
776 4547 838 4590 rex
857 4529 1108 4612 aliquantulum
1129 4531 1170 4593 ad
1190 4551 1227 4595 se
1244 4551 1414 4596 reversus.
