3384 5625
621 785 820 833 anemonas
843 786 977 833 vania.
1282 771 1348 836 243

249 967 366 1044 cialeS,
383 967 507 1049 quibus
522 967 749 1044 solummodo,
767 975 803 1031 et
820 988 889 1031 non
907 967 997 1044 aliis,
1019 967 1204 1050 recipiendi
1219 961 1343 1033 fratres

249 1066 386 1130 licentia
403 1066 622 1131 concedatur.
674 1067 828 1131 Ministri
845 1087 928 1132 vero
944 1067 1126 1148 diligenter
1147 1068 1344 1133 examinent

249 1185 307 1229 eos
322 1166 363 1229 de
385 1166 452 1229 fide
467 1166 637 1230 catholica
654 1174 689 1230 et
706 1165 949 1230 ecclesiasticis
967 1166 1201 1230 sacramentis.
1255 1167 1301 1231 Et
1314 1168 1343 1230 si

248 1265 321 1329 haec
352 1266 468 1329 omnia
500 1264 653 1339 credant,
682 1273 717 1329 et
747 1265 856 1329 velint
884 1285 925 1330 ea
952 1266 1098 1330 fideliter
1123 1266 1278 1330 confiteri
1308 1275 1344 1331 et

247 1383 356 1446 usque
380 1364 416 1426 in
437 1364 539 1427 finem
555 1364 697 1427 firmiter
713 1365 909 1441 observare,
924 1371 959 1429 et
976 1384 1102 1429 uxores
1121 1385 1188 1428 non
1202 1365 1343 1442 habeut,

247 1462 314 1538 vel,
331 1463 361 1525 si
378 1462 518 1539 habent,
529 1464 634 1527 etiam
650 1465 895 1528 monasterium
913 1464 1117 1528 intraverint
1133 1484 1272 1540 uxores,
1287 1466 1342 1529 vel

246 1561 420 1625 licentiam
447 1563 496 1625 eis
524 1561 692 1639 dederint,
724 1564 930 1627 auctoritate
959 1564 1144 1627 dioecesani
1177 1564 1341 1647 episcopi,

247 1668 328 1725 veto
343 1661 562 1726 continentiae
580 1662 656 1746 jam
673 1662 810 1738 emisse,
832 1670 868 1725 et
885 1662 977 1725 illius
994 1664 1064 1726 sint
1079 1663 1193 1727 aetatis
1214 1683 1341 1727 uxores

246 1759 337 1842 quod
360 1779 429 1824 non
452 1762 564 1843 possit
579 1762 622 1825 de
637 1762 687 1825 eis
702 1761 784 1825 oriri
800 1761 962 1844 suspicio,
985 1761 1101 1826 dicant
1123 1763 1171 1825 eis
1198 1764 1340 1825 verbum

244 1859 355 1923 sancti
373 1860 555 1942 evangelii,
575 1861 680 1944 quod,
697 1860 839 1937 scilicet,
857 1861 987 1925 vadant
1007 1869 1042 1925 et
1058 1861 1208 1926 vendant
1225 1862 1339 1925 omnia

244 1978 320 2035 sua,
338 1966 374 2022 et
389 1979 431 2023 ea
445 1960 608 2024 studeant
622 1960 830 2043 pauperibus
849 1980 1001 2041 erogare.
1053 1960 1156 2040 Quod
1180 1961 1210 2024 si
1227 1961 1339 2026 lacere

245 2078 313 2121 nen
342 2060 530 2141 potuerint,
556 2058 680 2124 sufficit
704 2061 754 2124 eis
783 2061 873 2123 bona
901 2060 1072 2124 voluntas
1123 2059 1170 2124 Et
1194 2069 1341 2125 caveant

243 2156 380 2234 fratrea,
402 2168 438 2221 et
459 2179 577 2223 eorum
591 2160 751 2235 ministri,
766 2179 808 2223 ne
823 2159 963 2223 solliciti
984 2161 1053 2223 sint
1072 2159 1115 2222 de
1142 2160 1243 2223 rebus
1267 2161 1338 2224 suis

244 2258 502 2338 temporalibus,
540 2266 580 2322 ut
616 2259 720 2323 libere
754 2258 885 2323 faciant
915 2259 957 2322 de
994 2260 1095 2323 rebus
1133 2259 1204 2321 suis
1243 2261 1340 2341 quic·

245 2357 325 2439 quid
356 2356 526 2421 Dominus
564 2358 782 2440 inspiraverit
823 2360 884 2422 eie.
942 2358 977 2422 Si
1012 2367 1127 2423 tamen
1160 2358 1339 2422 consilium

243 2457 447 2539 requiratur,
476 2457 650 2521 licentiam
679 2458 828 2522 habeant
855 2458 1003 2522 ministri
1028 2458 1186 2521 mittendi
1208 2478 1267 2522 eos
1296 2459 1340 2522 ad

243 2555 379 2638 aliquos
396 2556 511 2620 Deuui
533 2558 704 2634 timenteS,
726 2577 873 2639 quorum
896 2556 1038 2621 consilio
1063 2558 1154 2621 bena
1176 2577 1240 2621 sua
1256 2576 1339 2639 pau-

241 2656 379 2737 peribus
410 2664 606 2738 erogentur.
660 2656 788 2719 Postea
814 2656 1004 2720 concedant
1029 2657 1079 2719 eis
1104 2675 1237 2738 pannos
1262 2675 1339 2738 pro·

242 2755 402 2832 batienis,
419 2755 579 2821 videlicet
592 2756 679 2820 duas
695 2756 829 2820 tunicas
845 2756 919 2819 sine
934 2756 1085 2838 caputio,
1101 2763 1136 2820 et
1152 2755 1339 2837 cingulum,

241 2861 277 2918 et
298 2856 452 2932 braccas,
473 2863 508 2921 et
533 2875 739 2938 caperonem
763 2855 934 2938 usquead
959 2855 1155 2937 cingulum3
1182 2856 1248 2918 nisi
1273 2857 1339 2919 eis-

240 2953 318 3018 dem
343 2955 507 3019 ministris
535 2956 640 3033 aliud,
666 2956 851 3019 secuudum
877 2955 1003 3031 Deum,
1035 2955 1219 3036 aliquande
1245 2956 1338 3019 vide·

241 3061 329 3117 atur.
394 3055 510 3119 Finito
543 3075 625 3119 vero
659 3074 748 3119 anno
786 3055 1011 3138 probationis
1051 3053 1260 3136 recipiantur
1294 3055 1338 3119 ad

239 3153 481 3230 obedientiam,
512 3155 750 3237 promittentes
781 3156 889 3218 vitam
917 3155 1021 3218 istam
1055 3173 1190 3235 semper
1224 3162 1259 3218 et
1288 3174 1338 3217 re-

239 3253 357 3334 gulam
373 3256 577 3330 ebservare3
602 3261 637 3317 et
654 3254 866 3317 nullomodo
882 3253 999 3316 licebit
1020 3253 1063 3316 de
1082 3254 1151 3316 ista
1172 3253 1337 3333 religione

239 3354 347 3429 exire,
374 3353 480 3436 juxta
509 3352 710 3417 mandatum
736 3353 864 3416 domini
892 3371 1005 3433 papae,
1032 3352 1125 3433 quia,
1150 3350 1337 3414 secundum

238 3452 467 3534 evangelium,
500 3451 557 3515 ‘N
559 3472 634 3515 eme
671 3453 811 3515 mittens
845 3444 984 3513 manum
1021 3449 1065 3513 ad
1099 3456 1263 3525 aratrum,
1303 3457 1339 3533 et

239 3552 408 3633 aspiciens
425 3560 529 3626 retro,
547 3558 650 3633 aptus
673 3559 727 3615 est
750 3570 857 3631 regno
879 3548 971 3613 Dei:
1023 3549 1068 3612 Et
1094 3548 1156 3622 illi,
1183 3549 1243 3630 qui
1261 3549 1336 3632 jam

239 3651 468 3732 promiserunt
497 3650 738 3727 obedientiam,
767 3649 917 3713 habeant
945 3667 1048 3712 unam
1077 3647 1229 3714 tunicam
1259 3667 1337 3710 cum

239 3750 391 3831 caputio,
424 3756 459 3813 et
489 3749 593 3813 aliam
626 3751 700 3813 sine
730 3749 882 3832 caputio,
911 3748 970 3830 qui
1002 3747 1172 3811 voluerint
1200 3746 1335 3814 babere.

240 3848 286 3910 Et
309 3850 369 3930 qui
390 3848 594 3912 necessitate
618 3857 802 3930 eoguntur,
826 3849 909 3913 licet
935 3855 1074 3929 portare
1099 3846 1336 3912 calciamenta.

239 3946 286 4011 Et
299 3947 423 4011 fratres
441 3966 559 4010 omnes
575 3949 790 4011 vestimentis
802 3946 927 4012 vilibus
941 3947 1139 4021 induantur,
1154 3953 1189 4009 et
1203 3945 1338 4027 possint

238 4064 280 4109 ea
303 4065 465 4128 reparare
485 4046 528 4109 de
554 4047 664 4109 saccis
686 4053 721 4109 et
738 4046 815 4108 aliis
843 4045 949 4126 peciis
977 4064 1055 4107 cum
1078 4044 1335 4120 benedictioue;

237 4163 324 4226 ques
351 4165 475 4209 moneo
503 4152 538 4209 et
559 4145 725 4208 exhortor
754 4163 798 4206 ne
826 4142 1022 4224 despiciant
1046 4162 1156 4224 neque
1180 4141 1336 4224 judicent

236 4243 403 4320 homines,
435 4263 522 4327 quos
547 4243 667 4308 vident
695 4242 856 4306 mollibus
880 4241 1095 4305 vestimentis
1116 4247 1152 4304 et
1172 4240 1336 4307 coloratis

237 4342 376 4406 indutos
401 4344 452 4407 uti
474 4344 560 4407 cibis
587 4350 623 4407 et
648 4342 787 4424 potibus
811 4340 981 4416 delicatis,
1010 4341 1081 4406 sed.
1094 4340 1204 4421 magis
1229 4360 1336 4404 unus-

237 4443 384 4524 quisque
394 4441 528 4525 judicet
543 4449 578 4506 et
593 4442 761 4524 despiciat
777 4439 1012 4523 semetipsum.
