3384 5625
357 783 424 848 212
732 804 932 855 nucrmnns
957 808 1088 855 v'snmu.

409 981 531 1045 timore
547 988 582 1046 et
597 982 771 1048 hominum
788 990 992 1067 reverentia,
1012 992 1155 1072 egerint.
1208 992 1466 1057 Discurrehant

408 1089 522 1145 autem
553 1102 612 1164 per
639 1084 740 1147 villas
768 1086 911 1163 vicinas,
938 1090 981 1152 ab
1008 1091 1246 1155 innocentibus
1276 1095 1462 1174 pecuniam

409 1182 658 1264 extorquendo.
711 1183 777 1247 Sed
796 1187 923 1251 eisdem
939 1189 1238 1255 debacchantibus.

359 1319 416 1358 PAO.
457 1320 509 1358 urit.

384 1380 413 1458 7,
451 1385 502 1458 19,
514 1382 669 1446 Rooordo
761 1386 904 1451 fluvium
923 1389 945 1452 J
949 1392 1122 1457 ordanem.

523 1502 597 1544 mam

382 1642 407 1652 -
453 1604 596 1677 26,trmo
760 1615 925 1691 tempore.

381 1764 407 1776 -
452 1723 504 1802 27,
522 1724 642 1788 aciebus
761 1732 929 1799 adiebuS.

383 1853 413 1924 9,
454 1848 507 1926 27,
521 1859 698 1913 commotam
760 1865 795 1922 et
811 1859 937 1940 pluviis
953 1863 1217 1929 incommodam.

526 1957 554 2012 ot
564 1950 687 2033 pinciis

362 2076 414 2149 10,
455 2075 506 2148 12,
522 2094 608 2157 quom
631 2073 711 2157 ody'o-
760 2100 868 2162 aquo
886 2084 1053 2148 abierant.

525 2182 630 2237 corant

360 2332 410 2341 —
456 2297 508 2369 26,
519 2297 670 2379 possimos
760 2307 850 2369 deest.

362 2420 415 2492 11,
456 2419 507 2493 13,
526 2418 682 2482 damnosis
758 2427 851 2491 addit
868 2428 991 2505 Paris,
1010 2437 1046 2493 et
1062 2432 1210 2513 captivis
1229 2434 1361 2498 tractis.

359 2583 410 2594 -
453 2577 497 2587 -
523 2542 656 2625 captiuis
758 2550 846 2614 docet.

359 2707 410 2718 -
455 2668 508 2740 19,
527 2665 662 2730 latebant
759 2675 852 2739 addit
883 2675 1006 2753 Paris,
1034 2673 1164 2739 Postea
1197 2697 1279 2741 vero
1313 2678 1463 2759 quadam
1533 2664 1536 2668 ’

781 2782 882 2840 nocte
896 2795 958 2858 per
975 2776 1085 2840 visum
1108 2777 1241 2858 accepit
1263 2777 1354 2841 idem
1380 2778 1461 2843 Fal·

781 2877 907 2951 casius,
930 2876 1021 2956 quod
1045 2877 1087 2939 de
1103 2877 1189 2939 turri
1204 2878 1316 2940 sancti
1330 2876 1461 2943 Albani

780 2975 950 3057 quoddam
969 2975 1117 3039 immane
1131 2995 1253 3040 saxum
1271 2977 1306 3039 in
1320 2977 1459 3042 modum

781 3062 929 3154 fulguris
944 3075 980 3136 in
995 3093 1073 3136 eum
1095 3076 1229 3139 irruens
1252 3075 1398 3141 eundem
1424 3078 1460 3140 in

781 3173 957 3254 pulverem
972 3174 1135 3238 contrivit
1149 3195 1157 3251 ;
1176 3194 1246 3257 qna
1258 3178 1463 3257 perterritus

781 3273 914 3336 visione
930 3280 965 3337 et
981 3274 1246 3355 expergefactus
1267 3275 1369 3339 uxori
1387 3295 1460 3340 suae

784 3374 948 3437 visionem
986 3375 1171 3437 enarravit.
1223 3373 1308 3455 Ipsa
1346 3384 1463 3439 autem

782 3493 860 3535 eum
884 3473 1099 3549 hortabatur,
1127 3473 1338 3554 persuadens
1363 3475 1464 3556 quasi

781 3573 905 3648 virum,
923 3571 1109 3648 dominum,
1131 3581 1167 3635 et
1189 3573 1336 3636 amicum
1358 3574 1466 3637 devo·

781 3671 925 3745 tissime,
948 3676 1119 3751 quatenus
1138 3691 1175 3734 se
1191 3672 1293 3735 beato
1311 3671 1463 3750 Albano,

782 3787 884 3849 quem
916 3769 1038 3832 merito
1071 3769 1269 3846 offenderat,
1308 3771 1464 3836 satisfac-

782 3866 874 3929 tione
890 3885 1042 3948 congrua
1061 3870 1315 3948 reconciliaret3
1337 3871 1462 3938 intelli-

356 4095 438 4152 nobis‚
457 4094 531 4142 beate
549 4092 684 4141 Veronicn.
712 4091 745 4139 V.
757 4089 784 4137 d.
796 4088 830 4137 ei.
847 4101 894 4148 pro
920 4101 1021 4135 crucem
1032 4092 1102 4135 tuam
1114 4087 1196 4136 tribue
1208 4087 1289 4143 nohis.
1302 4101 1461 4150 quaesumus,

354 4164 465 4213 Christo.
500 4162 608 4211 Domine
637 4159 730 4210 exaudi
756 4159 892 4207 orationem
919 4162 948 4204 ut
963 4158 1076 4205 itanunc
1092 4158 1119 4204 in
1136 4158 1209 4205 terris
1227 4170 1274 4217 per
1289 4158 1422 4218 speculum
1437 4159 1464 4206 in

353 4248 443 4282 meam.
480 4232 588 4280 Domine
600 4231 674 4279 Deus
692 4231 813 4277 virtutum
834 4241 894 4275 con·
920 4228 1053 4287 aenigmate
1072 4226 1154 4287 ipsam
1176 4225 1281 4274 adorare
1300 4230 1327 4274 et
1348 4229 1464 4276 venerari

354 4307 423 4350 verte
434 4315 488 4360 nos,
499 4305 525 4349 et
536 4315 574 4348 os.
585 4300 603 4348 f.
616 4305 634 4348 t.
647 4304 672 4347 et
683 4313 705 4347 s.
717 4313 741 4348 e.
770 4298 893 4353 Oremus;
919 4297 1058 4354 valeamus,
1072 4300 1102 4343 ut
1117 4300 1142 4343 te
1159 4300 1220 4344 tune
1238 4294 1304 4344 facie
1322 4296 1356 4344 ad
1372 4294 1463 4346 faciem

354 4370 436 4428 Deus,
449 4371 494 4429 qui
513 4371 586 4416 nobis
603 4370 706 4430 signans
724 4369 819 4417 lumine
837 4367 893 4415 vul·
919 4367 1058 4414 venientem
1079 4378 1157 4425 super
1178 4380 1223 4414 nos
1243 4365 1359 4426 jndicem
1379 4367 1462 4415 securi

353 4443 396 4487 tns
409 4439 447 4487 tui
459 4439 603 4486 memoriale
615 4443 686 4485 tuum
699 4437 732 4485 ad
748 4437 893 4485 instantiam
919 4436 1051 4484 videamus
1075 4433 1212 4483 Dominum
1233 4439 1345 4483 nostrum
1371 4435 1461 4484 Jesum

351 4508 482 4557 Veronicae
490 4508 593 4556 sudario
602 4508 748 4568 impressam
758 4507 893 4567 imaginem
920 4504 1059 4565 Christum,
1067 4504 1112 4563 qui
1124 4505 1198 4566 vivis,
1209 4507 1234 4552 et
1245 4499 1355 4554 caetera?

351 4578 494 4639 relinquere
513 4577 629 4639 voluisti,
645 4590 691 4637 per
707 4576 851 4637 passionem
869 4579 896 4622 et
