3384 5625
346 759 412 825 282
715 770 915 820 nucmouus
939 770 1073 818 vnum.

397 964 505 1022 totam
521 955 707 1037 Angliam3
734 975 755 1018 a
773 956 873 1039 cujus
891 954 1057 1020 lateribus
1075 954 1217 1018 exibant
1232 954 1452 1032 semicirculi,

395 1059 430 1121 in
456 1074 601 1139 quorum
628 1056 837 1119 sectionibus
865 1061 1101 1137 apparuerunt
1115 1054 1166 1117 illi
1186 1060 1335 1136 quatuor
1358 1054 1450 1118 soles

396 1156 588 1232 memorati,
599 1176 681 1220 vero
696 1156 769 1220 sole
781 1156 953 1219 existente
968 1156 1005 1223 in
1021 1155 1127 1237 plaga
1140 1153 1311 1230 orientali,
1325 1160 1361 1217 et
1370 1173 1450 1218 aere

396 1254 597 1340 purissim03
620 1263 656 1318 et
673 1256 835 1337 quoniam
854 1275 923 1318 non
938 1261 1053 1337 potest
1062 1254 1148 1317 illud
1165 1252 1356 1335 prodigiale
1374 1274 1450 1336 por-

397 1364 529 1421 tentum
548 1356 661 1419 verbis
679 1354 837 1433 describi,
858 1355 958 1436 signo
979 1354 1250 1419 demonstrativo
1268 1352 1451 1435 figuratur.

397 1456 482 1539 Ipso
495 1455 582 1519 caelo
597 1455 646 1518 sic
664 1455 829 1520 circinato
846 1455 1018 1519 existente
1034 1452 1235 1535 exemplari,
1252 1452 1450 1517 immediate

397 1556 496 1620 multi
509 1553 767 1619 similitudinem
781 1556 830 1619 rei
847 1556 897 1620 sic
914 1552 1114 1638 apparentis
1132 1553 1329 1635 pinxerunt,
1349 1572 1451 1635 prop
1520 1623 1522 1627 y

886 1715 1034 1764 AUSTER.

1202 2104 1226 2152 0

1202 2156 1227 2277 d

1203 2280 1227 2378 Ξ

1202 2382 1227 2488 ,Ξ

837 2803 1074 2856 SEPTENTRIO.

457 2924 561 2987 Signum
579 2925 606 2973 in
622 2923 685 2973 caelo
701 2922 859 2984 admirabile,
869 2924 952 2972 visum
964 2925 990 2973 iu
1001 2925 1096 2986 Anglia
1107 2939 1172 2974 anno
1183 2925 1287 2974 Domini
1298 2936 1457 2986 mccxxxur„

422 2998 493 3042 sexto
503 2994 562 3043 idus
573 2993 679 3055 Aprilis,
689 2991 762 3053 regui
769 3006 828 3041 vero
840 2992 946 3042 Henrici
955 2995 1024 3042 tertii
1032 3010 1097 3044 anno
1108 2995 1330 3056 decimoseptimo.
1370 2994 1457 3043 Dura·

421 3063 458 3110 vit
468 3063 501 3111 ab
511 3068 568 3112 ortu
580 3064 642 3112 solis
651 3076 734 3122 usque
745 3060 778 3109 ad
789 3062 929 3113 meridiem.

402 3226 455 3281 ter
470 3220 519 3283 rei
537 3220 727 3284 novitatem
745 3218 993 3285 admirandum.
1047 3219 1136 3285 Haec
1152 3220 1240 3285 visio
1258 3219 1375 3284 multis
1392 3237 1454 3301 ap-

402 3320 529 3400 paruit,
547 3340 591 3383 ex
610 3319 733 3402 quibus
752 3338 841 3381 unus
858 3318 923 3382 suit
937 3319 1127 3397 lohannes,
1142 3321 1324 3402 episcopus
1341 3318 1456 3382 Here-

402 3418 575 3497 fortensis,
600 3419 659 3502 qul
681 3417 810 3498 figuras
843 3437 958 3481 eoram
988 3438 1026 3482 se
1055 3438 1124 3481 non
1151 3418 1365 3495 festinanter,
1392 3417 1454 3482 sed

403 3520 517 3600 spatio
539 3517 733 3592 sufficienti,
757 3515 839 3580 fecit
862 3517 1020 3581 circinari
1040 3538 1102 3599 per
1121 3538 1259 3582 manum
1285 3517 1456 3600 capellani

403 3617 456 3680 sui
475 3619 576 3682 nimis
596 3616 804 3700 perspicacis
825 3623 861 3678 et
875 3617 1058 3698 ingeniosi,
1076 3617 1204 3680 domiui
1224 3617 1355 3681 scilicet
1367 3616 1455 3680 Wil-

403 3715 496 3780 lelmi
522 3715 688 3780 canonici.
742 3715 788 3777 Et
818 3714 861 3776 ad
890 3714 981 3778 idem
1009 3716 1187 3780 insolitum
1217 3715 1454 3799 spectaculum

403 3814 515 3876 astitit
542 3814 565 3877 J
568 3814 720 3878 ohannes
750 3811 792 3873 de
818 3811 1008 3877 Munemue
1032 3821 1067 3877 et
1091 3816 1150 3878 alii
1176 3814 1454 3892 innumerabiles,

404 3910 521 3992 quide
539 3920 609 3976 tam
628 3910 817 3974 incredibili
839 3910 1005 3976 miraculo
1024 3915 1258 3980 testimonium
1276 3914 1456 3996 perhibent

403 4011 563 4092 veritati3
590 4018 625 4076 et
643 4030 760 4076 verum
777 4016 830 4074 est
845 4031 962 4075 eorum
981 4013 1226 4077 testimonium.

364 4165 419 4201 Ple.
445 4165 496 4201 uu.

354 4240 679 4319 267,18,nwmorct'
753 4240 845 4305 addit
886 4239 1007 4318 Paris,
1045 4242 1191 4324 Scripsit
1227 4242 1331 4306 etiam
1366 4241 1457 4304 idem

727 4370 731 4376 ·
775 4341 957 4422 episcopus
981 4340 1192 4422 imperatori,
1216 4348 1256 4405 ut
1276 4359 1357 4404 suas
1378 4360 1458 4422 par-

777 4447 829 4502 tes
851 4440 1083 4522 interponeret
1097 4441 1189 4506 circa
1207 4440 1456 4523 promotionem

775 4538 931 4619 praedicti
955 4538 1126 4603 lobannis
1154 4559 1274 4604 versus
1303 4558 1456 4621 papam;
