<?xml version="1.0" encoding="UTF-8"?>
<!DOCTYPE html PUBLIC "-//W3C//DTD XHTML 1.0 Transitional//EN"
    "http://www.w3.org/TR/xhtml1/DTD/xhtml1-transitional.dtd">
<html xmlns="http://www.w3.org/1999/xhtml" xml:lang="en" lang="en">
 <head>
  <title>
</title>
<meta http-equiv="Content-Type" content="text/html;charset=utf-8" />
  <meta name='ocr-system' content='tesseract 3.04.00' />
  <meta name='ocr-capabilities' content='ocr_page ocr_carea ocr_par ocr_line ocrx_word'/>
</head>
<body>
  <div class='ocr_page' id='page_1' title='image "./rogeridewendove00rogegoog_0150.png"; bbox 0 0 3384 5625; ppageno 0'>
   <div class='ocr_carea' id='block_1_1' title="bbox 338 777 1092 843">
    <p class='ocr_par' dir='ltr' id='par_1_1' title="bbox 338 777 1092 843">
     <span class='ocr_line' id='line_1_1' title="bbox 338 777 1092 843; baseline 0 -2"><span class='ocrx_word' id='word_1_1' title='bbox 338 777 403 842; x_wconf 74' lang='lat'><strong>128</strong></span> <span class='ocrx_word' id='word_1_2' title='bbox 712 794 910 842; x_wconf 80' lang='lat' dir='ltr'><strong>cncmcuns</strong></span> <span class='ocrx_word' id='word_1_3' title='bbox 934 795 1092 843; x_wconf 69' lang='lat' dir='ltr'><strong>varra·</strong></span> 
     </span>
    </p>
   </div>
   <div class='ocr_carea' id='block_1_2' title="bbox 337 917 1446 3075">
    <p class='ocr_par' dir='ltr' id='par_1_2' title="bbox 339 917 485 954">
     <span class='ocr_line' id='line_1_2' title="bbox 339 917 485 954; baseline 0.007 -2"><span class='ocrx_word' id='word_1_4' title='bbox 339 917 396 954; x_wconf 72' lang='lat' dir='ltr'><strong>PAO.</strong></span> <span class='ocrx_word' id='word_1_5' title='bbox 434 918 485 953; x_wconf 73' lang='lat' dir='ltr'><strong>us.</strong></span> 
     </span>
    </p>

    <p class='ocr_par' dir='ltr' id='par_1_3' title="bbox 338 978 1304 1060">
     <span class='ocr_line' id='line_1_3' title="bbox 338 978 1304 1060; baseline 0.003 -19"><span class='ocrx_word' id='word_1_6' title='bbox 338 982 391 1055; x_wconf 87' lang='grc'><strong>89,</strong></span> <span class='ocrx_word' id='word_1_7' title='bbox 458 983 491 1053; x_wconf 87' lang='grc'><strong>9,</strong></span> <span class='ocrx_word' id='word_1_8' title='bbox 507 978 566 1042; x_wconf 65' lang='lat' dir='ltr'><strong>site·</strong></span> <span class='ocrx_word' id='word_1_9' title='bbox 741 982 887 1045; x_wconf 87' lang='lat' dir='ltr'><strong>scilicet.</strong></span> <span class='ocrx_word' id='word_1_10' title='bbox 1303 1056 1304 1060; x_wconf 7' lang='grc' dir='ltr'><strong>Ἰ</strong></span> 
     </span>
    </p>

    <p class='ocr_par' dir='ltr' id='par_1_4' title="bbox 337 1101 1446 1181">
     <span class='ocr_line' id='line_1_4' title="bbox 337 1101 1446 1181; baseline 0 -15"><span class='ocrx_word' id='word_1_11' title='bbox 337 1140 389 1151; x_wconf 90' lang='grc'>-</span> <span class='ocrx_word' id='word_1_12' title='bbox 434 1107 485 1181; x_wconf 80' lang='lat'><strong>14,</strong></span> <span class='ocrx_word' id='word_1_13' title='bbox 504 1106 599 1169; x_wconf 76' lang='lat' dir='ltr'><strong>Circa</strong></span> <span class='ocrx_word' id='word_1_14' title='bbox 626 1106 691 1170; x_wconf 76' lang='lat' dir='ltr'><strong>dier</strong></span> <span class='ocrx_word' id='word_1_15' title='bbox 742 1105 844 1169; x_wconf 71' lang='lat' dir='ltr'><strong>Indo.</strong></span> <span class='ocrx_word' id='word_1_16' title='bbox 854 1101 1284 1169; x_wconf 71' lang='lat' dir='ltr'><strong>andathusz‘circadies</strong></span> <span class='ocrx_word' id='word_1_17' title='bbox 1293 1103 1372 1168; x_wconf 91' lang='lat' dir='ltr'><strong>illos</strong></span> <span class='ocrx_word' id='word_1_18' title='bbox 1383 1123 1446 1166; x_wconf 87' lang='lat' dir='ltr'><strong>rex</strong></span> 
     </span>
    </p>

    <p class='ocr_par' dir='ltr' id='par_1_5' title="bbox 503 1204 1446 1284">
     <span class='ocr_line' id='line_1_5' title="bbox 503 1204 1446 1284; baseline 0 -17"><span class='ocrx_word' id='word_1_19' title='bbox 503 1206 577 1268; x_wconf 76' lang='lat' dir='ltr'><strong>istos</strong></span> <span class='ocrx_word' id='word_1_20' title='bbox 762 1204 806 1268; x_wconf 93' lang='lat' dir='ltr'><strong>de</strong></span> <span class='ocrx_word' id='word_1_21' title='bbox 823 1204 988 1268; x_wconf 88' lang='lat' dir='ltr'><strong>Marroch</strong></span> <span class='ocrx_word' id='word_1_22' title='bbox 1004 1223 1081 1266; x_wconf 91' lang='lat' dir='ltr'><strong>cum</strong></span> <span class='ocrx_word' id='word_1_23' title='bbox 1098 1204 1227 1283; x_wconf 88' lang='lat' dir='ltr'><strong>regulis</strong></span> <span class='ocrx_word' id='word_1_24' title='bbox 1245 1204 1390 1284; x_wconf 88' lang='lat' dir='ltr'><strong>triginta</strong></span> <span class='ocrx_word' id='word_1_25' title='bbox 1410 1211 1446 1267; x_wconf 90' lang='lat' dir='ltr'><strong>et</strong></span> 
     </span>
    </p>

    <p class='ocr_par' dir='ltr' id='par_1_6' title="bbox 758 1303 1446 3075">
     <span class='ocr_line' id='line_1_6' title="bbox 761 1303 1446 1386; baseline -0.001 -20"><span class='ocrx_word' id='word_1_26' title='bbox 761 1303 1002 1370; x_wconf 90' lang='lat' dir='ltr'><strong>innumerabili</strong></span> <span class='ocrx_word' id='word_1_27' title='bbox 1012 1322 1229 1386; x_wconf 87' lang='lat' dir='ltr'><strong>paganorum</strong></span> <span class='ocrx_word' id='word_1_28' title='bbox 1235 1304 1446 1378; x_wconf 65' lang='lat' dir='ltr'><strong>exercituin</strong></span> 
     </span>
     <span class='ocr_line' id='line_1_7' title="bbox 761 1403 1444 1485; baseline -0.004 -18"><span class='ocrx_word' id='word_1_29' title='bbox 761 1424 831 1485; x_wconf 91' lang='lat' dir='ltr'><strong>quo</strong></span> <span class='ocrx_word' id='word_1_30' title='bbox 842 1423 905 1467; x_wconf 83' lang='lat' dir='ltr'><strong>sex</strong></span> <span class='ocrx_word' id='word_1_31' title='bbox 917 1404 1030 1467; x_wconf 89' lang='lat' dir='ltr'><strong>decies</strong></span> <span class='ocrx_word' id='word_1_32' title='bbox 1041 1409 1178 1477; x_wconf 91' lang='lat' dir='ltr'><strong>centnm</strong></span> <span class='ocrx_word' id='word_1_33' title='bbox 1194 1403 1302 1466; x_wconf 89' lang='lat' dir='ltr'><strong>millia</strong></span> <span class='ocrx_word' id='word_1_34' title='bbox 1315 1421 1444 1484; x_wconf 86' lang='lat' dir='ltr'><strong>pagan-</strong></span> 
     </span>
     <span class='ocr_line' id='line_1_8' title="bbox 762 1500 1445 1585; baseline -0.003 -18"><span class='ocrx_word' id='word_1_35' title='bbox 762 1523 860 1567; x_wconf 89' lang='lat' dir='ltr'><strong>orum</strong></span> <span class='ocrx_word' id='word_1_36' title='bbox 877 1502 985 1566; x_wconf 83' lang='lat' dir='ltr'><strong>inisse</strong></span> <span class='ocrx_word' id='word_1_37' title='bbox 1010 1502 1243 1585; x_wconf 84' lang='lat' dir='ltr'><strong>perhibentur,</strong></span> <span class='ocrx_word' id='word_1_38' title='bbox 1261 1522 1305 1565; x_wconf 88' lang='lat' dir='ltr'><strong>ex</strong></span> <span class='ocrx_word' id='word_1_39' title='bbox 1324 1500 1445 1565; x_wconf 83' lang='lat' dir='ltr'><strong>Africa</strong></span> 
     </span>
     <span class='ocr_line' id='line_1_9' title="bbox 762 1601 1445 1684; baseline -0.001 -21"><span class='ocrx_word' id='word_1_40' title='bbox 762 1622 989 1684; x_wconf 82' lang='lat' dir='ltr'><strong>prorumpens</strong></span> <span class='ocrx_word' id='word_1_41' title='bbox 1000 1602 1036 1665; x_wconf 91' lang='lat' dir='ltr'><strong>in</strong></span> <span class='ocrx_word' id='word_1_42' title='bbox 1044 1601 1251 1683; x_wconf 83' lang='lat' dir='ltr'><strong>Hispaniam</strong></span> <span class='ocrx_word' id='word_1_43' title='bbox 1264 1601 1445 1683; x_wconf 85' lang='lat' dir='ltr'><strong>applicuit,</strong></span> 
     </span>
     <span class='ocr_line' id='line_1_10' title="bbox 763 1700 1445 1784; baseline -0.004 -19"><span class='ocrx_word' id='word_1_44' title='bbox 763 1710 890 1766; x_wconf 88' lang='lat' dir='ltr'><strong>terram</strong></span> <span class='ocrx_word' id='word_1_45' title='bbox 906 1703 998 1781; x_wconf 89' lang='lat' dir='ltr'><strong>regis</strong></span> <span class='ocrx_word' id='word_1_46' title='bbox 1019 1702 1107 1784; x_wconf 89' lang='lat' dir='ltr'><strong>petit</strong></span> <span class='ocrx_word' id='word_1_47' title='bbox 1123 1700 1317 1783; x_wconf 87' lang='lat' dir='ltr'><strong>Hispaniae,</strong></span> <span class='ocrx_word' id='word_1_48' title='bbox 1338 1700 1445 1763; x_wconf 83' lang='lat' dir='ltr'><strong>alias-</strong></span> 
     </span>
     <span class='ocr_line' id='line_1_11' title="bbox 761 1800 1444 1883; baseline -0.004 -19"><span class='ocrx_word' id='word_1_49' title='bbox 761 1822 830 1883; x_wconf 89' lang='lat' dir='ltr'><strong>que</strong></span> <span class='ocrx_word' id='word_1_50' title='bbox 847 1801 1044 1883; x_wconf 85' lang='lat' dir='ltr'><strong>provincias</strong></span> <span class='ocrx_word' id='word_1_51' title='bbox 1061 1800 1343 1875; x_wconf 83' lang='lat' dir='ltr'><strong>exterminantes,</strong></span> <span class='ocrx_word' id='word_1_52' title='bbox 1365 1807 1444 1862; x_wconf 88' lang='lat' dir='ltr'><strong>tan·</strong></span> 
     </span>
     <span class='ocr_line' id='line_1_12' title="bbox 761 1899 1444 1981; baseline 0 -18"><span class='ocrx_word' id='word_1_53' title='bbox 761 1902 838 1964; x_wconf 92' lang='lat' dir='ltr'><strong>dem</strong></span> <span class='ocrx_word' id='word_1_54' title='bbox 851 1900 1035 1964; x_wconf 85' lang='lat' dir='ltr'><strong>audierunt</strong></span> <span class='ocrx_word' id='word_1_55' title='bbox 1047 1899 1139 1980; x_wconf 91' lang='lat' dir='ltr'><strong>quod</strong></span> <span class='ocrx_word' id='word_1_56' title='bbox 1156 1900 1335 1981; x_wconf 90' lang='lat' dir='ltr'><strong>proposuit</strong></span> <span class='ocrx_word' id='word_1_57' title='bbox 1349 1917 1444 1979; x_wconf 84' lang='lat' dir='ltr'><strong>papa</strong></span> 
     </span>
     <span class='ocr_line' id='line_1_13' title="bbox 761 1998 1444 2079; baseline 0.001 -18"><span class='ocrx_word' id='word_1_58' title='bbox 761 2006 952 2065; x_wconf 87' lang='lat' dir='ltr'><strong>convocato</strong></span> <span class='ocrx_word' id='word_1_59' title='bbox 963 2000 1108 2063; x_wconf 91' lang='lat' dir='ltr'><strong>concilio</strong></span> <span class='ocrx_word' id='word_1_60' title='bbox 1118 1998 1314 2079; x_wconf 83' lang='lat' dir='ltr'><strong>generalem</strong></span> <span class='ocrx_word' id='word_1_61' title='bbox 1328 2017 1444 2062; x_wconf 90' lang='lat' dir='ltr'><strong>cruce-</strong></span> 
     </span>
     <span class='ocr_line' id='line_1_14' title="bbox 759 2100 1441 2181; baseline 0 -20"><span class='ocrx_word' id='word_1_62' title='bbox 759 2100 989 2181; x_wconf 89' lang='lat' dir='ltr'><strong>signationem</strong></span> <span class='ocrx_word' id='word_1_63' title='bbox 1014 2106 1213 2164; x_wconf 89' lang='lat' dir='ltr'><strong>construere</strong></span> <span class='ocrx_word' id='word_1_64' title='bbox 1233 2105 1441 2175; x_wconf 84' lang='lat' dir='ltr'><strong>contraeas,</strong></span> 
     </span>
     <span class='ocr_line' id='line_1_15' title="bbox 760 2197 1442 2281; baseline -0.003 -19"><span class='ocrx_word' id='word_1_65' title='bbox 760 2200 816 2262; x_wconf 87' lang='lat' dir='ltr'><strong>cui</strong></span> <span class='ocrx_word' id='word_1_66' title='bbox 836 2199 1005 2263; x_wconf 87' lang='lat' dir='ltr'><strong>exercitui</strong></span> <span class='ocrx_word' id='word_1_67' title='bbox 1024 2218 1173 2281; x_wconf 88' lang='lat' dir='ltr'><strong>praeesse</strong></span> <span class='ocrx_word' id='word_1_68' title='bbox 1194 2197 1359 2260; x_wconf 83' lang='lat' dir='ltr'><strong>debuerat</strong></span> <span class='ocrx_word' id='word_1_69' title='bbox 1378 2216 1442 2260; x_wconf 85' lang='lat' dir='ltr'><strong>rex</strong></span> 
     </span>
     <span class='ocr_line' id='line_1_16' title="bbox 762 2297 1441 2378; baseline -0.001 -18"><span class='ocrx_word' id='word_1_70' title='bbox 762 2297 955 2378; x_wconf 86' lang='lat' dir='ltr'><strong>Anglorum</strong></span> <span class='ocrx_word' id='word_1_71' title='bbox 972 2298 1167 2362; x_wconf 86' lang='lat' dir='ltr'><strong>Richardns</strong></span> <span class='ocrx_word' id='word_1_72' title='bbox 1190 2298 1441 2377; x_wconf 81' lang='lat' dir='ltr'><strong>magnanimus,</strong></span> 
     </span>
     <span class='ocr_line' id='line_1_17' title="bbox 760 2396 1442 2479; baseline 0.001 -20"><span class='ocrx_word' id='word_1_73' title='bbox 760 2397 862 2479; x_wconf 85' lang='lat' dir='ltr'><strong>eujus</strong></span> <span class='ocrx_word' id='word_1_74' title='bbox 887 2396 980 2460; x_wconf 87' lang='lat' dir='ltr'><strong>fama</strong></span> <span class='ocrx_word' id='word_1_75' title='bbox 999 2396 1074 2479; x_wconf 77' lang='lat' dir='ltr'><strong>Jam</strong></span> <span class='ocrx_word' id='word_1_76' title='bbox 1104 2403 1217 2459; x_wconf 87' lang='lat' dir='ltr'><strong>totum</strong></span> <span class='ocrx_word' id='word_1_77' title='bbox 1247 2396 1442 2477; x_wconf 87' lang='lat' dir='ltr'><strong>repleverat</strong></span> 
     </span>
     <span class='ocr_line' id='line_1_18' title="bbox 759 2494 1442 2559; baseline 0 -1"><span class='ocrx_word' id='word_1_78' title='bbox 759 2495 927 2559; x_wconf 86' lang='lat' dir='ltr'><strong>orientem</strong></span> <span class='ocrx_word' id='word_1_79' title='bbox 947 2505 983 2559; x_wconf 90' lang='lat' dir='ltr'><strong>et</strong></span> <span class='ocrx_word' id='word_1_80' title='bbox 1000 2497 1105 2559; x_wconf 89' lang='lat' dir='ltr'><strong>etiam</strong></span> <span class='ocrx_word' id='word_1_81' title='bbox 1123 2494 1250 2559; x_wconf 85' lang='lat' dir='ltr'><strong>multos</strong></span> <span class='ocrx_word' id='word_1_82' title='bbox 1271 2501 1442 2558; x_wconf 85' lang='lat' dir='ltr'><strong>terruerat</strong></span> 
     </span>
     <span class='ocr_line' id='line_1_19' title="bbox 762 2594 1440 2677; baseline -0.004 -19"><span class='ocrx_word' id='word_1_83' title='bbox 762 2594 970 2673; x_wconf 79' lang='lat' dir='ltr'><strong>AffricanoS,</strong></span> <span class='ocrx_word' id='word_1_84' title='bbox 993 2595 1117 2677; x_wconf 92' lang='lat' dir='ltr'><strong>quibus</strong></span> <span class='ocrx_word' id='word_1_85' title='bbox 1138 2600 1222 2658; x_wconf 85' lang='lat' dir='ltr'><strong>nota</strong></span> <span class='ocrx_word' id='word_1_86' title='bbox 1243 2594 1310 2657; x_wconf 84' lang='lat' dir='ltr'><strong>suit</strong></span> <span class='ocrx_word' id='word_1_87' title='bbox 1332 2601 1368 2658; x_wconf 92' lang='lat' dir='ltr'><strong>et</strong></span> <span class='ocrx_word' id='word_1_88' title='bbox 1387 2595 1440 2656; x_wconf 92' lang='lat' dir='ltr'><strong>in-</strong></span> 
     </span>
     <span class='ocr_line' id='line_1_20' title="bbox 759 2691 1440 2774; baseline 0 -17"><span class='ocrx_word' id='word_1_89' title='bbox 759 2695 951 2759; x_wconf 84' lang='lat' dir='ltr'><strong>carceratio</strong></span> <span class='ocrx_word' id='word_1_90' title='bbox 977 2702 1013 2758; x_wconf 91' lang='lat' dir='ltr'><strong>et</strong></span> <span class='ocrx_word' id='word_1_91' title='bbox 1036 2691 1251 2771; x_wconf 88' lang='lat' dir='ltr'><strong>deliberatio,</strong></span> <span class='ocrx_word' id='word_1_92' title='bbox 1284 2699 1319 2756; x_wconf 89' lang='lat' dir='ltr'><strong>et</strong></span> <span class='ocrx_word' id='word_1_93' title='bbox 1348 2693 1440 2774; x_wconf 90' lang='lat' dir='ltr'><strong>quod</strong></span> 
     </span>
     <span class='ocr_line' id='line_1_21' title="bbox 759 2794 1442 2876; baseline -0.003 -17"><span class='ocrx_word' id='word_1_94' title='bbox 759 2795 864 2860; x_wconf 85' lang='lat' dir='ltr'><strong>etiam</strong></span> <span class='ocrx_word' id='word_1_95' title='bbox 879 2815 995 2876; x_wconf 89' lang='lat' dir='ltr'><strong>regem</strong></span> <span class='ocrx_word' id='word_1_96' title='bbox 1014 2794 1225 2859; x_wconf 88' lang='lat' dir='ltr'><strong>Francorum</strong></span> <span class='ocrx_word' id='word_1_97' title='bbox 1247 2798 1369 2876; x_wconf 87' lang='lat' dir='ltr'><strong>postea</strong></span> <span class='ocrx_word' id='word_1_98' title='bbox 1384 2813 1442 2857; x_wconf 91' lang='lat' dir='ltr'><strong>co-</strong></span> 
     </span>
     <span class='ocr_line' id='line_1_22' title="bbox 758 2893 1441 2974; baseline -0.003 -18"><span class='ocrx_word' id='word_1_99' title='bbox 758 2903 879 2974; x_wconf 86' lang='lat' dir='ltr'><strong>egerat</strong></span> <span class='ocrx_word' id='word_1_100' title='bbox 902 2895 1056 2957; x_wconf 89' lang='lat' dir='ltr'><strong>retroire.</strong></span> <span class='ocrx_word' id='word_1_101' title='bbox 1109 2893 1237 2956; x_wconf 85' lang='lat' dir='ltr'><strong>Omnes</strong></span> <span class='ocrx_word' id='word_1_102' title='bbox 1257 2893 1364 2974; x_wconf 88' lang='lat' dir='ltr'><strong>igitur</strong></span> <span class='ocrx_word' id='word_1_103' title='bbox 1388 2893 1441 2955; x_wconf 90' lang='lat' dir='ltr'><strong>in·</strong></span> 
     </span>
     <span class='ocr_line' id='line_1_23' title="bbox 758 2992 1389 3075; baseline 0 -21"><span class='ocrx_word' id='word_1_104' title='bbox 758 2992 890 3056; x_wconf 84' lang='lat' dir='ltr'><strong>creduli</strong></span> <span class='ocrx_word' id='word_1_105' title='bbox 906 2993 949 3056; x_wconf 88' lang='lat' dir='ltr'><strong>ud</strong></span> <span class='ocrx_word' id='word_1_106' title='bbox 964 2993 1104 3075; x_wconf 88' lang='lat' dir='ltr'><strong>propria</strong></span> <span class='ocrx_word' id='word_1_107' title='bbox 1119 2999 1201 3055; x_wconf 88' lang='lat' dir='ltr'><strong>sunt</strong></span> <span class='ocrx_word' id='word_1_108' title='bbox 1216 2992 1389 3073; x_wconf 66' lang='lat' dir='ltr'><strong>regressi!</strong></span> 
     </span>
    </p>
   </div>
   <div class='ocr_carea' id='block_1_3' title="bbox 334 3115 1440 3578">
    <p class='ocr_par' dir='ltr' id='par_1_7' title="bbox 334 3115 1440 3578">
     <span class='ocr_line' id='line_1_24' title="bbox 334 3115 1440 3199; baseline -0.001 -18"><span class='ocrx_word' id='word_1_109' title='bbox 334 3156 387 3169; x_wconf 90' lang='lat'>—</span> <span class='ocrx_word' id='word_1_110' title='bbox 428 3153 473 3165; x_wconf 85' lang='lat'>—</span> <span class='ocrx_word' id='word_1_111' title='bbox 494 3119 627 3182; x_wconf 78' lang='lat' dir='ltr'><strong>Marcel</strong></span> <span class='ocrx_word' id='word_1_112' title='bbox 736 3115 829 3180; x_wconf 77' lang='lat' dir='ltr'><strong>addit</strong></span> <span class='ocrx_word' id='word_1_113' title='bbox 863 3116 990 3193; x_wconf 77' lang='lat' dir='ltr'><strong>Paris,</strong></span> <span class='ocrx_word' id='word_1_114' title='bbox 1027 3116 1300 3199; x_wconf 87' lang='lat' dir='ltr'><strong>potentissimus,</strong></span> <span class='ocrx_word' id='word_1_115' title='bbox 1336 3135 1440 3197; x_wconf 88' lang='lat' dir='ltr'><strong>quem</strong></span> 
     </span>
     <span class='ocr_line' id='line_1_25' title="bbox 760 3215 1439 3296; baseline 0 -18"><span class='ocrx_word' id='word_1_116' title='bbox 760 3215 980 3280; x_wconf 80' lang='lat' dir='ltr'><strong>‘Mirabilem</strong></span> <span class='ocrx_word' id='word_1_117' title='bbox 1021 3216 1157 3278; x_wconf 88' lang='lat' dir='ltr'><strong>mnndi&#39;</strong></span> <span class='ocrx_word' id='word_1_118' title='bbox 1201 3215 1341 3296; x_wconf 75' lang='lat' dir='ltr'><strong>vulguS,</strong></span> <span class='ocrx_word' id='word_1_119' title='bbox 1382 3215 1439 3279; x_wconf 86' lang='lat' dir='ltr'><strong>vel</strong></span> 
     </span>
     <span class='ocr_line' id='line_1_26' title="bbox 758 3313 1439 3397; baseline -0.003 -19"><span class='ocrx_word' id='word_1_120' title='bbox 758 3315 852 3397; x_wconf 91' lang='lat' dir='ltr'><strong>quod</strong></span> <span class='ocrx_word' id='word_1_121' title='bbox 873 3316 995 3379; x_wconf 91' lang='lat' dir='ltr'><strong>melius</strong></span> <span class='ocrx_word' id='word_1_122' title='bbox 1011 3313 1259 3378; x_wconf 87' lang='lat' dir='ltr'><strong>‘Admiralium</strong></span> <span class='ocrx_word' id='word_1_123' title='bbox 1283 3314 1439 3377; x_wconf 90' lang='lat' dir='ltr'><strong>Murme-</strong></span> 
     </span>
     <span class='ocr_line' id='line_1_27' title="bbox 757 3413 1438 3491; baseline -0.004 -12"><span class='ocrx_word' id='word_1_124' title='bbox 757 3415 832 3491; x_wconf 88' lang='lat' dir='ltr'><strong>lin,&#39;</strong></span> <span class='ocrx_word' id='word_1_125' title='bbox 843 3415 879 3478; x_wconf 94' lang='lat' dir='ltr'><strong>id</strong></span> <span class='ocrx_word' id='word_1_126' title='bbox 891 3423 946 3479; x_wconf 90' lang='lat' dir='ltr'><strong>est</strong></span> <span class='ocrx_word' id='word_1_127' title='bbox 956 3414 1204 3479; x_wconf 84' lang='lat' dir='ltr'><strong>‘Admiralium</strong></span> <span class='ocrx_word' id='word_1_128' title='bbox 1221 3413 1438 3477; x_wconf 88' lang='lat' dir='ltr'><strong>bellicosum’</strong></span> 
     </span>
     <span class='ocr_line' id='line_1_28' title="bbox 757 3513 1250 3578; baseline -0.002 -2"><span class='ocrx_word' id='word_1_129' title='bbox 757 3521 793 3577; x_wconf 88' lang='lat' dir='ltr'><strong>et</strong></span> <span class='ocrx_word' id='word_1_130' title='bbox 809 3515 1029 3578; x_wconf 88' lang='lat' dir='ltr'><strong>victoriosum</strong></span> <span class='ocrx_word' id='word_1_131' title='bbox 1048 3513 1250 3577; x_wconf 88' lang='lat' dir='ltr'><strong>nominavit.</strong></span> 
     </span>
    </p>
   </div>
   <div class='ocr_carea' id='block_1_4' title="bbox 333 3637 853 3818">
    <p class='ocr_par' dir='ltr' id='par_1_8' title="bbox 333 3637 853 3818">
     <span class='ocr_line' id='line_1_29' title="bbox 333 3637 853 3722; baseline 0.004 -22"><span class='ocrx_word' id='word_1_132' title='bbox 333 3676 385 3687; x_wconf 93' lang='lat'><strong>—</strong></span> <span class='ocrx_word' id='word_1_133' title='bbox 430 3641 482 3711; x_wconf 86' lang='lat'><strong>15,</strong></span> <span class='ocrx_word' id='word_1_134' title='bbox 488 3657 687 3722; x_wconf 72' lang='lat' dir='ltr'><strong>papauerum</strong></span> <span class='ocrx_word' id='word_1_135' title='bbox 734 3637 853 3702; x_wconf 72' lang='lat' dir='ltr'><strong>desum.</strong></span> 
     </span>
     <span class='ocr_line' id='line_1_30' title="bbox 445 3755 686 3818; baseline 0 -20"><span class='ocrx_word' id='word_1_136' title='bbox 445 3783 453 3798; x_wconf 93' lang='lat'><strong>.</strong></span> <span class='ocrx_word' id='word_1_137' title='bbox 465 3783 472 3796; x_wconf 87' lang='lat'><strong>.</strong></span> <span class='ocrx_word' id='word_1_138' title='bbox 479 3755 686 3818; x_wconf 66' lang='lat' dir='ltr'><strong>prorumpens</strong></span> 
     </span>
    </p>
   </div>
   <div class='ocr_carea' id='block_1_5' title="bbox 334 3856 1438 4043">
    <p class='ocr_par' dir='ltr' id='par_1_9' title="bbox 334 3856 1438 4043">
     <span class='ocr_line' id='line_1_31' title="bbox 334 3856 1438 3943; baseline 0.001 -22"><span class='ocrx_word' id='word_1_139' title='bbox 334 3897 385 3908; x_wconf 94' lang='lat'>-</span> <span class='ocrx_word' id='word_1_140' title='bbox 430 3856 482 3936; x_wconf 85' lang='grc'><strong>17,</strong></span> <span class='ocrx_word' id='word_1_141' title='bbox 493 3858 575 3943; x_wconf 75' lang='lat' dir='ltr'><strong>petit</strong></span> <span class='ocrx_word' id='word_1_142' title='bbox 597 3905 657 3921; x_wconf 86' lang='lat'><strong>...</strong></span> <span class='ocrx_word' id='word_1_143' title='bbox 677 3903 685 3920; x_wconf 90' lang='lat'><strong>.</strong></span> <span class='ocrx_word' id='word_1_144' title='bbox 734 3859 836 3923; x_wconf 89' lang='lat' dir='ltr'><strong>dictee</strong></span> <span class='ocrx_word' id='word_1_145' title='bbox 847 3867 968 3941; x_wconf 89' lang='lat' dir='ltr'><strong>petens</strong></span> <span class='ocrx_word' id='word_1_146' title='bbox 981 3858 1165 3942; x_wconf 82' lang='lat' dir='ltr'><strong>Hispaniae</strong></span> <span class='ocrx_word' id='word_1_147' title='bbox 1175 3857 1339 3934; x_wconf 87' lang='lat' dir='ltr'><strong>vastavit,</strong></span> <span class='ocrx_word' id='word_1_148' title='bbox 1349 3859 1438 3922; x_wconf 86' lang='lat' dir='ltr'><strong>alias</strong></span> 
     </span>
     <span class='ocr_line' id='line_1_32' title="bbox 494 3956 1253 4043; baseline -0.003 -21"><span class='ocrx_word' id='word_1_149' title='bbox 494 3956 655 4043; x_wconf 78' lang='lat' dir='ltr'><strong>plurimas</strong></span> <span class='ocrx_word' id='word_1_150' title='bbox 756 3978 895 4042; x_wconf 87' lang='lat' dir='ltr'><strong>qnoque</strong></span> <span class='ocrx_word' id='word_1_151' title='bbox 912 3959 1108 4041; x_wconf 90' lang='lat' dir='ltr'><strong>provincias</strong></span> <span class='ocrx_word' id='word_1_152' title='bbox 1124 3958 1253 4040; x_wconf 73' lang='lat' dir='ltr'><strong>plnres,</strong></span> 
     </span>
    </p>
   </div>
   <div class='ocr_carea' id='block_1_6' title="bbox 335 4083 984 4160">
    <p class='ocr_par' dir='ltr' id='par_1_10' title="bbox 335 4083 984 4160">
     <span class='ocr_line' id='line_1_33' title="bbox 335 4083 984 4160; baseline 0.014 -21"><span class='ocrx_word' id='word_1_153' title='bbox 335 4125 386 4139; x_wconf 83' lang='grc'><strong>..</strong></span> <span class='ocrx_word' id='word_1_154' title='bbox 431 4085 482 4160; x_wconf 88' lang='grc'><strong>19,</strong></span> <span class='ocrx_word' id='word_1_155' title='bbox 500 4090 623 4147; x_wconf 79' lang='lat' dir='ltr'><strong>tautum</strong></span> <span class='ocrx_word' id='word_1_156' title='bbox 734 4083 984 4149; x_wconf 88' lang='lat' dir='ltr'><strong>tantummodo.</strong></span> 
     </span>
    </p>
   </div>
   <div class='ocr_carea' id='block_1_7' title="bbox 333 4201 1437 4384">
    <p class='ocr_par' dir='ltr' id='par_1_11' title="bbox 333 4201 1437 4384">
     <span class='ocr_line' id='line_1_34' title="bbox 333 4201 1436 4292; baseline -0.007 -20"><span class='ocrx_word' id='word_1_157' title='bbox 333 4251 385 4264; x_wconf 72' lang='grc'><strong>..-</strong></span> <span class='ocrx_word' id='word_1_158' title='bbox 428 4211 481 4284; x_wconf 82' lang='grc'><strong>23,</strong></span> <span class='ocrx_word' id='word_1_159' title='bbox 498 4205 685 4292; x_wconf 78' lang='lat' dir='ltr'><strong>perturbata</strong></span> <span class='ocrx_word' id='word_1_160' title='bbox 733 4204 940 4269; x_wconf 90' lang='lat' dir='ltr'><strong>contremuit</strong></span> <span class='ocrx_word' id='word_1_161' title='bbox 952 4201 1167 4268; x_wconf 89' lang='lat' dir='ltr'><strong>conturbata.</strong></span> <span class='ocrx_word' id='word_1_162' title='bbox 1198 4201 1436 4265; x_wconf 85' lang='lat' dir='ltr'><strong>Istamautem</strong></span> 
     </span>
     <span class='ocr_line' id='line_1_35' title="bbox 498 4300 1437 4384; baseline -0.006 -15"><span class='ocrx_word' id='word_1_163' title='bbox 498 4316 541 4370; x_wconf 82' lang='lat' dir='ltr'><strong>est</strong></span> <span class='ocrx_word' id='word_1_164' title='bbox 561 4306 644 4369; x_wconf 75' lang='lat' dir='ltr'><strong>celr-</strong></span> <span class='ocrx_word' id='word_1_165' title='bbox 756 4304 824 4368; x_wconf 90' lang='lat' dir='ltr'><strong>Dei</strong></span> <span class='ocrx_word' id='word_1_166' title='bbox 845 4305 932 4367; x_wconf 87' lang='lat' dir='ltr'><strong>iram</strong></span> <span class='ocrx_word' id='word_1_167' title='bbox 960 4320 1129 4384; x_wconf 85' lang='lat' dir='ltr'><strong>aquarum</strong></span> <span class='ocrx_word' id='word_1_168' title='bbox 1154 4300 1322 4364; x_wconf 90' lang='lat' dir='ltr'><strong>diluvium</strong></span> <span class='ocrx_word' id='word_1_169' title='bbox 1349 4319 1437 4382; x_wconf 85' lang='lat' dir='ltr'><strong>prae-</strong></span> 
     </span>
    </p>
   </div>
   <div class='ocr_carea' id='block_1_8' title="bbox 500 4399 1437 4582">
    <p class='ocr_par' dir='ltr' id='par_1_12' title="bbox 500 4399 1437 4582">
     <span class='ocr_line' id='line_1_36' title="bbox 500 4399 1437 4484; baseline -0.007 -15"><span class='ocrx_word' id='word_1_170' title='bbox 500 4412 614 4469; x_wconf 76' lang='lat' dir='ltr'><strong>meater</strong></span> <span class='ocrx_word' id='word_1_171' title='bbox 755 4405 920 4484; x_wconf 86' lang='lat' dir='ltr'><strong>signavit,</strong></span> <span class='ocrx_word' id='word_1_172' title='bbox 941 4421 1018 4483; x_wconf 83' lang='lat' dir='ltr'><strong>quae</strong></span> <span class='ocrx_word' id='word_1_173' title='bbox 1037 4406 1172 4482; x_wconf 87' lang='lat' dir='ltr'><strong>segetes</strong></span> <span class='ocrx_word' id='word_1_174' title='bbox 1191 4399 1363 4464; x_wconf 87' lang='lat' dir='ltr'><strong>suffocans</strong></span> <span class='ocrx_word' id='word_1_175' title='bbox 1378 4419 1437 4463; x_wconf 87' lang='lat' dir='ltr'><strong>va-</strong></span> 
     </span>
     <span class='ocr_line' id='line_1_37' title="bbox 755 4499 1204 4582; baseline -0.011 -18"><span class='ocrx_word' id='word_1_176' title='bbox 755 4501 858 4565; x_wconf 88' lang='lat' dir='ltr'><strong>lidam</strong></span> <span class='ocrx_word' id='word_1_177' title='bbox 872 4502 996 4565; x_wconf 88' lang='lat' dir='ltr'><strong>famem</strong></span> <span class='ocrx_word' id='word_1_178' title='bbox 1015 4499 1204 4582; x_wconf 86' lang='lat' dir='ltr'><strong>generavit.</strong></span> 
     </span>
    </p>
   </div>
   <div class='ocr_carea' id='block_1_9' title="bbox 0 0 1696 5625">
    <p class='ocr_par' dir='ltr' id='par_1_13' title="bbox 0 0 1696 5625">
     <span class='ocr_line' id='line_1_38' title="bbox 0 0 1696 5625; baseline 0 4"><span class='ocrx_word' id='word_1_179' title='bbox 0 0 1696 5625; x_wconf 95' lang='lat' dir='ltr'><strong> </strong></span> 
     </span>
    </p>
   </div>
  </div>
 </body>
</html>
