3384 5625
650 776 853 825 nnerrouus
876 779 1009 826 viarm.
1333 763 1398 827 217

295 897 352 1037 lli,
386 898 443 1037 pp,
459 970 644 1025 cremarent
692 962 784 1026 addit
799 962 926 1041 Paris,
941 963 1150 1045 computatis
1167 966 1337 1029 omnibus.

296 1085 348 1161 29,
410 1087 441 1161 1,
459 1083 595 1150 oirib'tcr
693 1087 851 1164 viriliter,
869 1087 951 1151 licet
967 1106 1036 1151 non
1052 1087 1192 1151 utiliter.

294 1245 345 1256 —
411 1210 444 1283 4,
458 1208 590 1271 nimiam
693 1211 920 1274 innumeram.

192 1365 199 1373 ·
295 1334 568 1412 -15,nucal‘
695 1334 838 1398 marino.

295 1496 346 1506 —
391 1461 443 1536 16,
460 1458 574 1523 lancae
695 1454 824 1518 lanceis
840 1454 1132 1538 perfodiebantur,
1146 1457 1306 1523 cultellis,

296 1623 346 1635 -
389 1618 433 1632 -
458 1580 647 1646 truncaban-
696 1576 970 1642 trucidabantur.

462 1690 516 1744 tar

296 1841 347 1851 -
392 1801 445 1880 17,
462 1827 516 1869 aar
535 1854 542 1869 .
559 1854 567 1869 .
586 1855 594 1870 .
613 1854 645 1871 ..
696 1800 791 1864 calce
803 1804 1035 1881 caecabantur,
1047 1823 1127 1887 spes
1138 1806 1258 1870 auxilii
1272 1814 1307 1870 et
1320 1826 1398 1870 suc-

461 1906 612 1969 evadmdi
718 1919 839 1963 cursus
871 1902 1008 1983 penitus
1034 1906 1280 1982 evacuabatur,
1314 1906 1398 1988 fuga

718 2019 788 2063 non
805 2002 957 2083 patebat.

296 2163 347 2174 —
392 2129 443 2203 18,
459 2127 541 2190 andr
695 2124 785 2187 unde
802 2125 913 2188 multi.

297 2292 348 2304 -
392 2253 443 2327 21,
460 2249 498 2313 ab
514 2250 628 2336 Aapli·
696 2248 837 2311 arbitrio
863 2257 898 2312 et
919 2248 1097 2312 voluntate
1124 2252 1399 2317 adversariorum

459 2352 545 2435 penis
561 2348 632 2413 aab·
718 2348 874 2425 tractari,
912 2349 1097 2413 secundum
1132 2350 1216 2414 illud
1247 2352 1399 2429 Senecae,

451 2449 565 2534 japarc'
716 2452 727 2481 ‘
741 2445 896 2511 Arbitrio
912 2448 1041 2512 inimici
1058 2450 1144 2513 mori
1158 2458 1211 2513 est
1221 2452 1275 2513 bis
1289 2454 1398 2516 mori?

295 2607 347 2619 -
391 2573 648 2657 29,malefatator
694 2572 858 2636 infelices.

295 2736 346 2748 —
391 2699 442 2772 30,
453 2697 559 2780 sendo
694 2694 800 2758 lundo
819 2701 854 2757 ct
869 2695 1016 2758 sentina.

295 2863 346 2873 —
390 2825 442 2899 31,
460 2822 514 2886 rod
528 2872 536 2887 .
552 2872 581 2887 ..
600 2847 646 2890 re
694 2828 730 2885 et
747 2821 894 2884 multum
913 2820 1138 2885 desideratus.

455 2932 565 3006 pertus

295 3085 345 3096 -
389 3047 441 3120 35,
458 3067 603 3130 mappam
694 3046 981 3110 inaestimabilem.

297 3168 348 3243 30,
391 3169 443 3244 10,
460 3169 604 3235 turcanis
694 3168 854 3233 humanis
868 3170 1101 3252 disponendis.

295 3329 346 3341 -
391 3293 443 3366 13,
462 3292 598 3379 irroycto
698 3295 731 3357 0.
755 3294 882 3357 inserts
910 3294 1003 3370 herc,
1035 3292 1146 3358 ‘Cum
1174 3304 1289 3359 autem
1316 3298 1397 3361 Hu-

717 3393 835 3456 bertus
860 3393 902 3456 de
927 3394 1046 3475 Burgo
1073 3394 1115 3457 de
1143 3394 1294 3459 adventu
1324 3402 1396 3459 tam

717 3492 925 3556 formidabili
941 3492 1199 3569 certificaretur,
1217 3493 1306 3557 dixit
1323 3496 1395 3577 epi-

719 3611 824 3675 scopo
840 3592 1071 3656 Wintonicnsi
1087 3599 1122 3656 et
1135 3592 1342 3658 Marescallo
1361 3601 1397 3658 et

722 3691 800 3756 aliis
816 3692 1047 3773 magnatibus,
1066 3691 1126 3756 ‘Si
1145 3692 1219 3756 haec
1242 3713 1327 3775 gens
1344 3695 1397 3757 in-

718 3792 850 3856 demnis
874 3790 1040 3873 Angliam
1066 3792 1291 3875 ingrediatur,
1318 3813 1398 3877 pro-

718 3891 878 3956 culdubio
917 3892 1099 3956 amittitur.
1168 3892 1399 3957 Occurramus

718 3990 825 4069 igitur
852 3991 1004 4053 animose
1033 3991 1093 4066 cis,
1119 3991 1201 4073 quia
1221 3993 1398 4056 nobiscum

718 4096 772 4150 est
803 4088 911 4162 Deus,
944 4089 1082 4169 quando
1114 4096 1230 4152 autem
1260 4109 1396 4153 excom-

718 4187 962 4250 municantur.'
1030 4186 1095 4250 Cui
1136 4188 1396 4269 responderunt,

718 4286 822 4350 ‘Non
854 4305 974 4349 sumus
1011 4286 1137 4350 milites
1175 4287 1291 4364 mariS,
1327 4309 1397 4352 non

718 4387 854 4468 piratae,
873 4404 941 4449 non
958 4386 1160 4468 piscatores,
1175 4387 1263 4452 vade
1281 4396 1397 4453 autem

719 4491 757 4549 tu
783 4485 893 4549 mori.’
937 4485 1122 4550 Divertens
1148 4487 1255 4569 igitur
1274 4509 1397 4572 parum

718 4606 740 4649 a
767 4586 844 4650 loco
871 4585 1063 4663 HubertuS,
1085 4595 1209 4652 vocato
1230 4588 1318 4652 clam
1342 4608 1396 4652 ca·
1477 4654 1480 4660 ,
