<?xml version="1.0" encoding="UTF-8"?>
<!DOCTYPE html PUBLIC "-//W3C//DTD XHTML 1.0 Transitional//EN"
    "http://www.w3.org/TR/xhtml1/DTD/xhtml1-transitional.dtd">
<html xmlns="http://www.w3.org/1999/xhtml" xml:lang="en" lang="en">
 <head>
  <title>
</title>
<meta http-equiv="Content-Type" content="text/html;charset=utf-8" />
  <meta name='ocr-system' content='tesseract 3.04.00' />
  <meta name='ocr-capabilities' content='ocr_page ocr_carea ocr_par ocr_line ocrx_word'/>
</head>
<body>
  <div class='ocr_page' id='page_1' title='image "./rogeridewendove00rogegoog_0343.png"; bbox 0 0 3384 5625; ppageno 0'>
   <div class='ocr_carea' id='block_1_1' title="bbox 674 778 1402 843">
    <p class='ocr_par' dir='ltr' id='par_1_1' title="bbox 674 778 1402 843">
     <span class='ocr_line' id='line_1_1' title="bbox 674 778 1402 843; baseline 0.003 -2"><span class='ocrx_word' id='word_1_1' title='bbox 674 793 875 842; x_wconf 81' lang='lat' dir='ltr'><strong>uncrrouns</strong></span> <span class='ocrx_word' id='word_1_2' title='bbox 898 794 1030 843; x_wconf 74' lang='lat' dir='ltr'><strong>vnaius.</strong></span> <span class='ocrx_word' id='word_1_3' title='bbox 1338 778 1402 843; x_wconf 74' lang='lat' dir='ltr'><strong>aa]</strong></span> 
     </span>
    </p>
   </div>
   <div class='ocr_carea' id='block_1_2' title="bbox 294 972 1465 2835">
    <p class='ocr_par' dir='ltr' id='par_1_2' title="bbox 294 972 1465 2835">
     <span class='ocr_line' id='line_1_2' title="bbox 297 972 1399 1055; baseline -0.001 -17"><span class='ocrx_word' id='word_1_4' title='bbox 297 973 490 1050; x_wconf 90' lang='lat' dir='ltr'><strong>tendentes,</strong></span> <span class='ocrx_word' id='word_1_5' title='bbox 508 973 709 1037; x_wconf 81' lang='lat' dir='ltr'><strong>electionem</strong></span> <span class='ocrx_word' id='word_1_6' title='bbox 727 973 848 1055; x_wconf 89' lang='lat' dir='ltr'><strong>ipsam,</strong></span> <span class='ocrx_word' id='word_1_7' title='bbox 869 972 1103 1038; x_wconf 81' lang='lat' dir='ltr'><strong>examinatam</strong></span> <span class='ocrx_word' id='word_1_8' title='bbox 1121 978 1224 1054; x_wconf 92' lang='lat' dir='ltr'><strong>prout</strong></span> <span class='ocrx_word' id='word_1_9' title='bbox 1237 974 1399 1037; x_wconf 88' lang='lat' dir='ltr'><strong>convenit</strong></span> 
     </span>
     <span class='ocr_line' id='line_1_3' title="bbox 297 1071 1400 1154; baseline -0.001 -18"><span class='ocrx_word' id='word_1_10' title='bbox 297 1072 493 1153; x_wconf 79' lang='lat' dir='ltr'><strong>diligenter,</strong></span> <span class='ocrx_word' id='word_1_11' title='bbox 509 1072 708 1136; x_wconf 89' lang='lat' dir='ltr'><strong>canonicam</strong></span> <span class='ocrx_word' id='word_1_12' title='bbox 736 1072 966 1135; x_wconf 87' lang='lat' dir='ltr'><strong>invenerimus</strong></span> <span class='ocrx_word' id='word_1_13' title='bbox 988 1071 1100 1154; x_wconf 92' lang='lat' dir='ltr'><strong>quoad</strong></span> <span class='ocrx_word' id='word_1_14' title='bbox 1126 1071 1292 1150; x_wconf 81' lang='lat' dir='ltr'><strong>formam3</strong></span> <span class='ocrx_word' id='word_1_15' title='bbox 1319 1073 1400 1154; x_wconf 90' lang='lat' dir='ltr'><strong>quia</strong></span> 
     </span>
     <span class='ocr_line' id='line_1_4' title="bbox 296 1171 1398 1254; baseline -0.001 -19"><span class='ocrx_word' id='word_1_16' title='bbox 296 1177 415 1235; x_wconf 87' lang='lat' dir='ltr'><strong>tamen</strong></span> <span class='ocrx_word' id='word_1_17' title='bbox 432 1172 475 1235; x_wconf 92' lang='lat' dir='ltr'><strong>de</strong></span> <span class='ocrx_word' id='word_1_18' title='bbox 490 1190 647 1254; x_wconf 86' lang='lat' dir='ltr'><strong>personae</strong></span> <span class='ocrx_word' id='word_1_19' title='bbox 660 1171 790 1235; x_wconf 88' lang='lat' dir='ltr'><strong>meritis</strong></span> <span class='ocrx_word' id='word_1_20' title='bbox 805 1171 942 1252; x_wconf 91' lang='lat' dir='ltr'><strong>plenam</strong></span> <span class='ocrx_word' id='word_1_21' title='bbox 960 1171 1119 1235; x_wconf 89' lang='lat' dir='ltr'><strong>notitiam</strong></span> <span class='ocrx_word' id='word_1_22' title='bbox 1134 1190 1203 1234; x_wconf 93' lang='lat' dir='ltr'><strong>non</strong></span> <span class='ocrx_word' id='word_1_23' title='bbox 1220 1171 1398 1247; x_wconf 89' lang='lat' dir='ltr'><strong>babemus,</strong></span> 
     </span>
     <span class='ocr_line' id='line_1_5' title="bbox 294 1257 1395 1353; baseline 0 -20"><span class='ocrx_word' id='word_1_24' title='bbox 294 1257 506 1335; x_wconf 83' lang='lat' dir='ltr'><strong>fraternitati</strong></span> <span class='ocrx_word' id='word_1_25' title='bbox 540 1279 664 1334; x_wconf 83' lang='lat' dir='ltr'><strong>vestrae</strong></span> <span class='ocrx_word' id='word_1_26' title='bbox 693 1289 755 1351; x_wconf 91' lang='lat' dir='ltr'><strong>per</strong></span> <span class='ocrx_word' id='word_1_27' title='bbox 792 1270 984 1352; x_wconf 89' lang='lat' dir='ltr'><strong>apostoliea</strong></span> <span class='ocrx_word' id='word_1_28' title='bbox 1013 1271 1143 1353; x_wconf 84' lang='lat' dir='ltr'><strong>scripta</strong></span> <span class='ocrx_word' id='word_1_29' title='bbox 1180 1270 1395 1346; x_wconf 89' lang='lat' dir='ltr'><strong>mandamus,</strong></span> 
     </span>
     <span class='ocr_line' id='line_1_6' title="bbox 298 1368 1401 1454; baseline -0.006 -15"><span class='ocrx_word' id='word_1_30' title='bbox 298 1378 472 1454; x_wconf 84' lang='lat' dir='ltr'><strong>quatenus</strong></span> <span class='ocrx_word' id='word_1_31' title='bbox 495 1389 573 1452; x_wconf 88' lang='lat' dir='ltr'><strong>quae</strong></span> <span class='ocrx_word' id='word_1_32' title='bbox 603 1369 695 1433; x_wconf 85' lang='lat' dir='ltr'><strong>circa</strong></span> <span class='ocrx_word' id='word_1_33' title='bbox 719 1368 818 1433; x_wconf 90' lang='lat' dir='ltr'><strong>electi</strong></span> <span class='ocrx_word' id='word_1_34' title='bbox 842 1387 1024 1450; x_wconf 86' lang='lat' dir='ltr'><strong>personam</strong></span> <span class='ocrx_word' id='word_1_35' title='bbox 1048 1369 1251 1452; x_wconf 88' lang='lat' dir='ltr'><strong>inquirenda</strong></span> <span class='ocrx_word' id='word_1_36' title='bbox 1274 1368 1401 1432; x_wconf 86' lang='lat' dir='ltr'><strong>fuerint</strong></span> 
     </span>
     <span class='ocr_line' id='line_1_7' title="bbox 298 1466 1397 1550; baseline 0 -18"><span class='ocrx_word' id='word_1_37' title='bbox 298 1469 447 1534; x_wconf 87' lang='lat' dir='ltr'><strong>sollicita</strong></span> <span class='ocrx_word' id='word_1_38' title='bbox 463 1469 691 1550; x_wconf 83' lang='lat' dir='ltr'><strong>inquirentes,</strong></span> <span class='ocrx_word' id='word_1_39' title='bbox 721 1468 752 1530; x_wconf 92' lang='lat' dir='ltr'><strong>si</strong></span> <span class='ocrx_word' id='word_1_40' title='bbox 779 1486 855 1531; x_wconf 91' lang='lat' dir='ltr'><strong>eam</strong></span> <span class='ocrx_word' id='word_1_41' title='bbox 876 1466 1100 1531; x_wconf 89' lang='lat' dir='ltr'><strong>sufficientem</strong></span> <span class='ocrx_word' id='word_1_42' title='bbox 1123 1468 1325 1532; x_wconf 88' lang='lat' dir='ltr'><strong>inveneritis</strong></span> <span class='ocrx_word' id='word_1_43' title='bbox 1353 1468 1397 1533; x_wconf 93' lang='lat' dir='ltr'><strong>ad</strong></span> 
     </span>
     <span class='ocr_line' id='line_1_8' title="bbox 298 1567 1398 1651; baseline -0.003 -19"><span class='ocrx_word' id='word_1_44' title='bbox 298 1568 455 1651; x_wconf 85' lang='lat' dir='ltr'><strong>ejusdem</strong></span> <span class='ocrx_word' id='word_1_45' title='bbox 485 1567 683 1631; x_wconf 89' lang='lat' dir='ltr'><strong>monasterii</strong></span> <span class='ocrx_word' id='word_1_46' title='bbox 711 1567 865 1647; x_wconf 83' lang='lat' dir='ltr'><strong>regimen</strong></span> <span class='ocrx_word' id='word_1_47' title='bbox 900 1567 1153 1644; x_wconf 88' lang='lat' dir='ltr'><strong>assumendum,</strong></span> <span class='ocrx_word' id='word_1_48' title='bbox 1185 1568 1398 1649; x_wconf 85' lang='lat' dir='ltr'><strong>praemissam</strong></span> 
     </span>
     <span class='ocr_line' id='line_1_9' title="bbox 299 1665 1400 1747; baseline 0 -18"><span class='ocrx_word' id='word_1_49' title='bbox 299 1666 502 1731; x_wconf 88' lang='lat' dir='ltr'><strong>electionem</strong></span> <span class='ocrx_word' id='word_1_50' title='bbox 532 1665 738 1730; x_wconf 85' lang='lat' dir='ltr'><strong>auctoritate</strong></span> <span class='ocrx_word' id='word_1_51' title='bbox 767 1666 958 1747; x_wconf 88' lang='lat' dir='ltr'><strong>apostolica</strong></span> <span class='ocrx_word' id='word_1_52' title='bbox 984 1665 1202 1742; x_wconf 68' lang='lat' dir='ltr'><strong>confirmetis</strong></span> <span class='ocrx_word' id='word_1_53' title='bbox 1230 1673 1265 1729; x_wconf 94' lang='lat' dir='ltr'><strong>et</strong></span> <span class='ocrx_word' id='word_1_54' title='bbox 1289 1665 1400 1729; x_wconf 91' lang='lat' dir='ltr'><strong>alecto</strong></span> 
     </span>
     <span class='ocr_line' id='line_1_10' title="bbox 299 1763 1398 1829; baseline 0 -2"><span class='ocrx_word' id='word_1_55' title='bbox 299 1764 437 1829; x_wconf 82' lang='lat' dir='ltr'><strong>faciatis</strong></span> <span class='ocrx_word' id='word_1_56' title='bbox 454 1766 562 1829; x_wconf 89' lang='lat' dir='ltr'><strong>eidem</strong></span> <span class='ocrx_word' id='word_1_57' title='bbox 585 1763 814 1828; x_wconf 86' lang='lat' dir='ltr'><strong>obedientiam</strong></span> <span class='ocrx_word' id='word_1_58' title='bbox 838 1772 874 1828; x_wconf 92' lang='lat' dir='ltr'><strong>et</strong></span> <span class='ocrx_word' id='word_1_59' title='bbox 889 1766 1114 1829; x_wconf 89' lang='lat' dir='ltr'><strong>reverentiam</strong></span> <span class='ocrx_word' id='word_1_60' title='bbox 1129 1766 1280 1829; x_wconf 88' lang='lat' dir='ltr'><strong>debitam</strong></span> <span class='ocrx_word' id='word_1_61' title='bbox 1299 1764 1398 1828; x_wconf 90' lang='lat' dir='ltr'><strong>exbi-</strong></span> 
     </span>
     <span class='ocr_line' id='line_1_11' title="bbox 299 1863 1398 1946; baseline -0.002 -18"><span class='ocrx_word' id='word_1_62' title='bbox 299 1864 373 1928; x_wconf 90' lang='lat' dir='ltr'><strong>beri</strong></span> <span class='ocrx_word' id='word_1_63' title='bbox 403 1884 445 1928; x_wconf 88' lang='lat' dir='ltr'><strong>ac</strong></span> <span class='ocrx_word' id='word_1_64' title='bbox 472 1883 596 1928; x_wconf 90' lang='lat' dir='ltr'><strong>munus</strong></span> <span class='ocrx_word' id='word_1_65' title='bbox 623 1863 871 1927; x_wconf 86' lang='lat' dir='ltr'><strong>benedictionis</strong></span> <span class='ocrx_word' id='word_1_66' title='bbox 903 1863 1065 1945; x_wconf 88' lang='lat' dir='ltr'><strong>impendi,</strong></span> <span class='ocrx_word' id='word_1_67' title='bbox 1094 1864 1265 1946; x_wconf 86' lang='lat' dir='ltr'><strong>recepturi</strong></span> <span class='ocrx_word' id='word_1_68' title='bbox 1291 1865 1334 1927; x_wconf 88' lang='lat' dir='ltr'><strong>ab</strong></span> <span class='ocrx_word' id='word_1_69' title='bbox 1358 1882 1398 1926; x_wconf 97' lang='lat' dir='ltr'><strong>eo</strong></span> 
     </span>
     <span class='ocr_line' id='line_1_12' title="bbox 298 1961 1398 2046; baseline -0.002 -20"><span class='ocrx_word' id='word_1_70' title='bbox 298 1964 518 2044; x_wconf 91' lang='lat' dir='ltr'><strong>postmodum</strong></span> <span class='ocrx_word' id='word_1_71' title='bbox 535 1983 598 2046; x_wconf 92' lang='lat' dir='ltr'><strong>pro</strong></span> <span class='ocrx_word' id='word_1_72' title='bbox 612 1963 710 2025; x_wconf 86' lang='lat' dir='ltr'><strong>nobis</strong></span> <span class='ocrx_word' id='word_1_73' title='bbox 725 1969 760 2026; x_wconf 92' lang='lat' dir='ltr'><strong>at</strong></span> <span class='ocrx_word' id='word_1_74' title='bbox 777 1962 938 2026; x_wconf 90' lang='lat' dir='ltr'><strong>Romana</strong></span> <span class='ocrx_word' id='word_1_75' title='bbox 950 1961 1095 2026; x_wconf 88' lang='lat' dir='ltr'><strong>ecelesia</strong></span> <span class='ocrx_word' id='word_1_76' title='bbox 1110 1962 1286 2026; x_wconf 90' lang='lat' dir='ltr'><strong>fidelitatis</strong></span> <span class='ocrx_word' id='word_1_77' title='bbox 1303 1961 1398 2026; x_wconf 89' lang='lat' dir='ltr'><strong>solli-</strong></span> 
     </span>
     <span class='ocr_line' id='line_1_13' title="bbox 300 2061 1399 2146; baseline 0.001 -22"><span class='ocrx_word' id='word_1_78' title='bbox 300 2062 380 2126; x_wconf 82' lang='lat' dir='ltr'><strong>citoe</strong></span> <span class='ocrx_word' id='word_1_79' title='bbox 400 2063 647 2146; x_wconf 89' lang='lat' dir='ltr'><strong>juramentum,</strong></span> <span class='ocrx_word' id='word_1_80' title='bbox 671 2061 776 2143; x_wconf 86' lang='lat' dir='ltr'><strong>juxta</strong></span> <span class='ocrx_word' id='word_1_81' title='bbox 795 2061 940 2124; x_wconf 86' lang='lat' dir='ltr'><strong>formam</strong></span> <span class='ocrx_word' id='word_1_82' title='bbox 964 2079 1067 2142; x_wconf 90' lang='lat' dir='ltr'><strong>quam</strong></span> <span class='ocrx_word' id='word_1_83' title='bbox 1087 2062 1185 2126; x_wconf 87' lang='lat' dir='ltr'><strong>vobis</strong></span> <span class='ocrx_word' id='word_1_84' title='bbox 1214 2062 1277 2123; x_wconf 93' lang='lat' dir='ltr'><strong>sub</strong></span> <span class='ocrx_word' id='word_1_85' title='bbox 1303 2061 1399 2125; x_wconf 94' lang='lat' dir='ltr'><strong>bulla</strong></span> 
     </span>
     <span class='ocr_line' id='line_1_14' title="bbox 301 2159 1465 2239; baseline 0 -17"><span class='ocrx_word' id='word_1_86' title='bbox 301 2167 422 2224; x_wconf 89' lang='lat' dir='ltr'><strong>nostra</strong></span> <span class='ocrx_word' id='word_1_87' title='bbox 446 2161 613 2224; x_wconf 89' lang='lat' dir='ltr'><strong>mittimus</strong></span> <span class='ocrx_word' id='word_1_88' title='bbox 641 2159 878 2234; x_wconf 68' lang='lat' dir='ltr'><strong>interclusam</strong></span> <span class='ocrx_word' id='word_1_89' title='bbox 908 2159 1072 2239; x_wconf 92' lang='lat' dir='ltr'><strong>alioquin,</strong></span> <span class='ocrx_word' id='word_1_90' title='bbox 1095 2178 1137 2223; x_wconf 87' lang='lat' dir='ltr'><strong>ea</strong></span> <span class='ocrx_word' id='word_1_91' title='bbox 1162 2160 1226 2223; x_wconf 91' lang='lat' dir='ltr'><strong>rite</strong></span> <span class='ocrx_word' id='word_1_92' title='bbox 1252 2166 1401 2236; x_wconf 89' lang='lat' dir='ltr'><strong>cassata,</strong></span> <span class='ocrx_word' id='word_1_93' title='bbox 1463 2184 1465 2188; x_wconf 60' lang='grc'>’</span> 
     </span>
     <span class='ocr_line' id='line_1_15' title="bbox 301 2257 1402 2340; baseline 0 -19"><span class='ocrx_word' id='word_1_94' title='bbox 301 2257 438 2323; x_wconf 82' lang='lat' dir='ltr'><strong>faciatis</strong></span> <span class='ocrx_word' id='word_1_95' title='bbox 453 2258 546 2323; x_wconf 89' lang='lat' dir='ltr'><strong>dicto</strong></span> <span class='ocrx_word' id='word_1_96' title='bbox 571 2259 778 2321; x_wconf 89' lang='lat' dir='ltr'><strong>monasterio</strong></span> <span class='ocrx_word' id='word_1_97' title='bbox 799 2257 841 2320; x_wconf 89' lang='lat' dir='ltr'><strong>de</strong></span> <span class='ocrx_word' id='word_1_98' title='bbox 863 2275 1011 2339; x_wconf 90' lang='lat' dir='ltr'><strong>persona</strong></span> <span class='ocrx_word' id='word_1_99' title='bbox 1034 2257 1158 2321; x_wconf 90' lang='lat' dir='ltr'><strong>idonea</strong></span> <span class='ocrx_word' id='word_1_100' title='bbox 1181 2277 1243 2340; x_wconf 90' lang='lat' dir='ltr'><strong>per</strong></span> <span class='ocrx_word' id='word_1_101' title='bbox 1264 2258 1402 2324; x_wconf 87' lang='lat' dir='ltr'><strong>electio-</strong></span> 
     </span>
     <span class='ocr_line' id='line_1_16' title="bbox 301 2355 1401 2439; baseline 0 -20"><span class='ocrx_word' id='word_1_102' title='bbox 301 2376 379 2420; x_wconf 95' lang='lat' dir='ltr'><strong>nem</strong></span> <span class='ocrx_word' id='word_1_103' title='bbox 394 2358 595 2421; x_wconf 87' lang='lat' dir='ltr'><strong>canonicam</strong></span> <span class='ocrx_word' id='word_1_104' title='bbox 613 2355 797 2439; x_wconf 89' lang='lat' dir='ltr'><strong>provideri.</strong></span> <span class='ocrx_word' id='word_1_105' title='bbox 851 2355 1130 2420; x_wconf 84' lang='lat' dir='ltr'><strong>Contradictores</strong></span> <span class='ocrx_word' id='word_1_106' title='bbox 1147 2375 1401 2438; x_wconf 90' lang='lat' dir='ltr'><strong>percensuram</strong></span> 
     </span>
     <span class='ocr_line' id='line_1_17' title="bbox 301 2453 1401 2537; baseline -0.001 -18"><span class='ocrx_word' id='word_1_107' title='bbox 301 2455 583 2532; x_wconf 87' lang='lat' dir='ltr'><strong>ecclesiasticam,</strong></span> <span class='ocrx_word' id='word_1_108' title='bbox 626 2454 858 2537; x_wconf 90' lang='lat' dir='ltr'><strong>appellatione</strong></span> <span class='ocrx_word' id='word_1_109' title='bbox 896 2453 1102 2537; x_wconf 90' lang='lat' dir='ltr'><strong>postposita,</strong></span> <span class='ocrx_word' id='word_1_110' title='bbox 1144 2454 1401 2537; x_wconf 90' lang='lat' dir='ltr'><strong>compescendo.</strong></span> 
     </span>
     <span class='ocr_line' id='line_1_18' title="bbox 304 2552 1402 2636; baseline 0 -19"><span class='ocrx_word' id='word_1_111' title='bbox 304 2554 465 2618; x_wconf 84' lang='lat' dir='ltr'><strong>Formam</strong></span> <span class='ocrx_word' id='word_1_112' title='bbox 482 2561 596 2619; x_wconf 88' lang='lat' dir='ltr'><strong>autem</strong></span> <span class='ocrx_word' id='word_1_113' title='bbox 620 2554 821 2636; x_wconf 90' lang='lat' dir='ltr'><strong>juramenti,</strong></span> <span class='ocrx_word' id='word_1_114' title='bbox 839 2554 930 2635; x_wconf 91' lang='lat' dir='ltr'><strong>quod</strong></span> <span class='ocrx_word' id='word_1_115' title='bbox 954 2554 1028 2634; x_wconf 91' lang='lat' dir='ltr'><strong>ipse</strong></span> <span class='ocrx_word' id='word_1_116' title='bbox 1042 2553 1222 2635; x_wconf 85' lang='lat' dir='ltr'><strong>praestabit</strong></span> <span class='ocrx_word' id='word_1_117' title='bbox 1244 2553 1341 2617; x_wconf 88' lang='lat' dir='ltr'><strong>nobis</strong></span> <span class='ocrx_word' id='word_1_118' title='bbox 1359 2552 1402 2617; x_wconf 92' lang='lat' dir='ltr'><strong>de</strong></span> 
     </span>
     <span class='ocr_line' id='line_1_19' title="bbox 301 2650 1401 2735; baseline -0.002 -19"><span class='ocrx_word' id='word_1_119' title='bbox 301 2654 408 2717; x_wconf 84' lang='lat' dir='ltr'><strong>verbo</strong></span> <span class='ocrx_word' id='word_1_120' title='bbox 436 2653 647 2716; x_wconf 89' lang='lat' dir='ltr'><strong>adverbum</strong></span> <span class='ocrx_word' id='word_1_121' title='bbox 679 2672 740 2733; x_wconf 92' lang='lat' dir='ltr'><strong>per</strong></span> <span class='ocrx_word' id='word_1_122' title='bbox 766 2652 842 2735; x_wconf 78' lang='lat' dir='ltr'><strong>eJus</strong></span> <span class='ocrx_word' id='word_1_123' title='bbox 867 2658 1025 2732; x_wconf 89' lang='lat' dir='ltr'><strong>patentes</strong></span> <span class='ocrx_word' id='word_1_124' title='bbox 1055 2652 1173 2716; x_wconf 88' lang='lat' dir='ltr'><strong>literas</strong></span> <span class='ocrx_word' id='word_1_125' title='bbox 1201 2671 1264 2715; x_wconf 88' lang='lat' dir='ltr'><strong>suo</strong></span> <span class='ocrx_word' id='word_1_126' title='bbox 1286 2650 1401 2732; x_wconf 85' lang='lat' dir='ltr'><strong>sigillo</strong></span> 
     </span>
     <span class='ocr_line' id='line_1_20' title="bbox 302 2750 1400 2835; baseline -0.001 -21"><span class='ocrx_word' id='word_1_127' title='bbox 302 2751 472 2833; x_wconf 80' lang='lat' dir='ltr'><strong>signatas,</strong></span> <span class='ocrx_word' id='word_1_128' title='bbox 503 2769 607 2835; x_wconf 86' lang='lat' dir='ltr'><strong>quam</strong></span> <span class='ocrx_word' id='word_1_129' title='bbox 639 2753 708 2816; x_wconf 85' lang='lat' dir='ltr'><strong>cito</strong></span> <span class='ocrx_word' id='word_1_130' title='bbox 742 2750 900 2832; x_wconf 88' lang='lat' dir='ltr'><strong>poteritis</strong></span> <span class='ocrx_word' id='word_1_131' title='bbox 935 2770 996 2832; x_wconf 90' lang='lat' dir='ltr'><strong>per</strong></span> <span class='ocrx_word' id='word_1_132' title='bbox 1030 2750 1205 2834; x_wconf 89' lang='lat' dir='ltr'><strong>proprium</strong></span> <span class='ocrx_word' id='word_1_133' title='bbox 1243 2750 1400 2815; x_wconf 90' lang='lat' dir='ltr'><strong>nuntium</strong></span> 
     </span>
    </p>
   </div>
   <div class='ocr_carea' id='block_1_3' title="bbox 302 2848 1401 3122">
    <p class='ocr_par' dir='ltr' id='par_1_3' title="bbox 302 2848 1401 3122">
     <span class='ocr_line' id='line_1_21' title="bbox 302 2848 1401 2932; baseline -0.002 -18"><span class='ocrx_word' id='word_1_134' title='bbox 302 2852 557 2915; x_wconf 88' lang='lat' dir='ltr'><strong>transmittatis.</strong></span> <span class='ocrx_word' id='word_1_135' title='bbox 591 2849 706 2928; x_wconf 85' lang='lat' dir='ltr'><strong>Quod,</strong></span> <span class='ocrx_word' id='word_1_136' title='bbox 724 2851 834 2914; x_wconf 92' lang='lat' dir='ltr'><strong>sinon</strong></span> <span class='ocrx_word' id='word_1_137' title='bbox 849 2851 949 2913; x_wconf 87' lang='lat' dir='ltr'><strong>ambo</strong></span> <span class='ocrx_word' id='word_1_138' title='bbox 965 2849 1018 2913; x_wconf 93' lang='lat' dir='ltr'><strong>his</strong></span> <span class='ocrx_word' id='word_1_139' title='bbox 1035 2848 1262 2932; x_wconf 86' lang='lat' dir='ltr'><strong>exsequendis</strong></span> <span class='ocrx_word' id='word_1_140' title='bbox 1279 2855 1401 2931; x_wconf 92' lang='lat' dir='ltr'><strong>potue-</strong></span> 
     </span>
     <span class='ocr_line' id='line_1_22' title="bbox 302 2947 1400 3029; baseline -0.001 -17"><span class='ocrx_word' id='word_1_141' title='bbox 302 2949 379 3013; x_wconf 87' lang='lat' dir='ltr'><strong>ritis</strong></span> <span class='ocrx_word' id='word_1_142' title='bbox 395 2951 573 3025; x_wconf 89' lang='lat' dir='ltr'><strong>interesse,</strong></span> <span class='ocrx_word' id='word_1_143' title='bbox 598 2950 687 3013; x_wconf 89' lang='lat' dir='ltr'><strong>alter</strong></span> <span class='ocrx_word' id='word_1_144' title='bbox 701 2956 854 3012; x_wconf 89' lang='lat' dir='ltr'><strong>vestrum</strong></span> <span class='ocrx_word' id='word_1_145' title='bbox 877 2968 919 3012; x_wconf 89' lang='lat' dir='ltr'><strong>ea</strong></span> <span class='ocrx_word' id='word_1_146' title='bbox 940 2947 1161 3013; x_wconf 91' lang='lat' dir='ltr'><strong>nihilominus</strong></span> <span class='ocrx_word' id='word_1_147' title='bbox 1179 2955 1400 3029; x_wconf 84' lang='lat' dir='ltr'><strong>exsequatur.</strong></span> 
     </span>
     <span class='ocr_line' id='line_1_23' title="bbox 303 3042 834 3122; baseline -0.006 -10"><span class='ocrx_word' id='word_1_148' title='bbox 303 3047 436 3112; x_wconf 88' lang='lat' dir='ltr'><strong>Datum</strong></span> <span class='ocrx_word' id='word_1_149' title='bbox 453 3048 611 3122; x_wconf 87' lang='lat' dir='ltr'><strong>Perusii‚’</strong></span> <span class='ocrx_word' id='word_1_150' title='bbox 630 3042 682 3112; x_wconf 89' lang='lat' dir='ltr'><strong>¹et</strong></span> <span class='ocrx_word' id='word_1_151' title='bbox 696 3055 834 3112; x_wconf 88' lang='lat' dir='ltr'><strong>caetera.</strong></span> 
     </span>
    </p>
   </div>
   <div class='ocr_carea' id='block_1_4' title="bbox 388 3209 1328 3275">
    <p class='ocr_par' dir='ltr' id='par_1_4' title="bbox 388 3209 1328 3275">
     <span class='ocr_line' id='line_1_24' title="bbox 388 3209 1328 3275; baseline 0.001 -1"><span class='ocrx_word' id='word_1_152' title='bbox 388 3211 519 3274; x_wconf 77' lang='lat' dir='ltr'><strong>Boditas</strong></span> <span class='ocrx_word' id='word_1_153' title='bbox 535 3212 714 3274; x_wconf 73' lang='lat' dir='ltr'><strong>nuntioram</strong></span> <span class='ocrx_word' id='word_1_154' title='bbox 729 3220 757 3273; x_wconf 82' lang='lat' dir='ltr'><strong>et</strong></span> <span class='ocrx_word' id='word_1_155' title='bbox 772 3209 934 3274; x_wconf 68' lang='lat' dir='ltr'><strong>benedictio</strong></span> <span class='ocrx_word' id='word_1_156' title='bbox 949 3209 1068 3274; x_wconf 71' lang='lat' dir='ltr'><strong>altatis</strong></span> <span class='ocrx_word' id='word_1_157' title='bbox 1083 3214 1185 3275; x_wconf 78' lang='lat' dir='ltr'><strong>sancti</strong></span> <span class='ocrx_word' id='word_1_158' title='bbox 1198 3210 1328 3275; x_wconf 70' lang='lat' dir='ltr'><strong>Albani.</strong></span> 
     </span>
    </p>
   </div>
   <div class='ocr_carea' id='block_1_5' title="bbox 301 3336 1405 4405">
    <p class='ocr_par' dir='ltr' id='par_1_5' title="bbox 301 3336 1405 4405">
     <span class='ocr_line' id='line_1_25' title="bbox 355 3336 1403 3419; baseline 0.005 -20"><span class='ocrx_word' id='word_1_159' title='bbox 355 3336 555 3419; x_wconf 87' lang='lat' dir='ltr'><strong>Impetratis</strong></span> <span class='ocrx_word' id='word_1_160' title='bbox 569 3343 683 3401; x_wconf 90' lang='lat' dir='ltr'><strong>autem</strong></span> <span class='ocrx_word' id='word_1_161' title='bbox 700 3337 754 3400; x_wconf 89' lang='lat' dir='ltr'><strong>his</strong></span> <span class='ocrx_word' id='word_1_162' title='bbox 770 3337 879 3400; x_wconf 89' lang='lat' dir='ltr'><strong>literis</strong></span> <span class='ocrx_word' id='word_1_163' title='bbox 893 3357 970 3400; x_wconf 92' lang='lat' dir='ltr'><strong>cum</strong></span> <span class='ocrx_word' id='word_1_164' title='bbox 986 3337 1063 3401; x_wconf 88' lang='lat' dir='ltr'><strong>aliis</strong></span> <span class='ocrx_word' id='word_1_165' title='bbox 1077 3340 1141 3403; x_wconf 88' lang='lat' dir='ltr'><strong>sub</strong></span> <span class='ocrx_word' id='word_1_166' title='bbox 1158 3339 1253 3403; x_wconf 92' lang='lat' dir='ltr'><strong>bulla</strong></span> <span class='ocrx_word' id='word_1_167' title='bbox 1264 3341 1403 3418; x_wconf 75' lang='lat' dir='ltr'><strong>clausiS,</strong></span> 
     </span>
     <span class='ocr_line' id='line_1_26' title="bbox 303 3435 1402 3521; baseline 0.003 -22"><span class='ocrx_word' id='word_1_168' title='bbox 303 3435 458 3499; x_wconf 83' lang='lat' dir='ltr'><strong>salutato</strong></span> <span class='ocrx_word' id='word_1_169' title='bbox 482 3435 620 3499; x_wconf 90' lang='lat' dir='ltr'><strong>domino</strong></span> <span class='ocrx_word' id='word_1_170' title='bbox 647 3455 738 3517; x_wconf 88' lang='lat' dir='ltr'><strong>papa</strong></span> <span class='ocrx_word' id='word_1_171' title='bbox 762 3443 797 3499; x_wconf 90' lang='lat' dir='ltr'><strong>et</strong></span> <span class='ocrx_word' id='word_1_172' title='bbox 819 3436 996 3512; x_wconf 88' lang='lat' dir='ltr'><strong>fratribus,</strong></span> <span class='ocrx_word' id='word_1_173' title='bbox 1019 3456 1150 3500; x_wconf 92' lang='lat' dir='ltr'><strong>necnon</strong></span> <span class='ocrx_word' id='word_1_174' title='bbox 1174 3444 1208 3501; x_wconf 90' lang='lat' dir='ltr'><strong>et</strong></span> <span class='ocrx_word' id='word_1_175' title='bbox 1225 3440 1402 3521; x_wconf 64' lang='lat' dir='ltr'><strong>respectis</strong></span> 
     </span>
     <span class='ocr_line' id='line_1_27' title="bbox 302 3533 1403 3617; baseline 0.004 -20"><span class='ocrx_word' id='word_1_176' title='bbox 302 3533 479 3597; x_wconf 90' lang='lat' dir='ltr'><strong>redierunt</strong></span> <span class='ocrx_word' id='word_1_177' title='bbox 502 3535 614 3597; x_wconf 91' lang='lat' dir='ltr'><strong>nuntii</strong></span> <span class='ocrx_word' id='word_1_178' title='bbox 636 3534 791 3616; x_wconf 88' lang='lat' dir='ltr'><strong>praedicti</strong></span> <span class='ocrx_word' id='word_1_179' title='bbox 813 3553 891 3597; x_wconf 91' lang='lat' dir='ltr'><strong>cum</strong></span> <span class='ocrx_word' id='word_1_180' title='bbox 914 3536 1143 3616; x_wconf 89' lang='lat' dir='ltr'><strong>prosperitate</strong></span> <span class='ocrx_word' id='word_1_181' title='bbox 1168 3542 1249 3617; x_wconf 90' lang='lat' dir='ltr'><strong>post</strong></span> <span class='ocrx_word' id='word_1_182' title='bbox 1271 3556 1403 3601; x_wconf 87' lang='lat' dir='ltr'><strong>moram</strong></span> 
     </span>
     <span class='ocr_line' id='line_1_28' title="bbox 301 3630 1404 3716; baseline 0.004 -21"><span class='ocrx_word' id='word_1_183' title='bbox 301 3632 339 3695; x_wconf 94' lang='lat' dir='ltr'><strong>in</strong></span> <span class='ocrx_word' id='word_1_184' title='bbox 365 3632 460 3695; x_wconf 89' lang='lat' dir='ltr'><strong>curia</strong></span> <span class='ocrx_word' id='word_1_185' title='bbox 483 3630 611 3695; x_wconf 87' lang='lat' dir='ltr'><strong>saetam</strong></span> <span class='ocrx_word' id='word_1_186' title='bbox 637 3652 699 3714; x_wconf 89' lang='lat' dir='ltr'><strong>per</strong></span> <span class='ocrx_word' id='word_1_187' title='bbox 716 3632 908 3715; x_wconf 90' lang='lat' dir='ltr'><strong>quindecim</strong></span> <span class='ocrx_word' id='word_1_188' title='bbox 934 3633 1017 3696; x_wconf 89' lang='lat' dir='ltr'><strong>dies.</strong></span> <span class='ocrx_word' id='word_1_189' title='bbox 1071 3632 1264 3716; x_wconf 90' lang='lat' dir='ltr'><strong>Episcopus</strong></span> <span class='ocrx_word' id='word_1_190' title='bbox 1288 3643 1404 3700; x_wconf 90' lang='lat' dir='ltr'><strong>autem</strong></span> 
     </span>
     <span class='ocr_line' id='line_1_29' title="bbox 303 3729 1405 3815; baseline 0.003 -20"><span class='ocrx_word' id='word_1_191' title='bbox 303 3729 544 3807; x_wconf 82' lang='lat' dir='ltr'><strong>Londinensis,</strong></span> <span class='ocrx_word' id='word_1_192' title='bbox 584 3730 652 3794; x_wconf 90' lang='lat' dir='ltr'><strong>alio</strong></span> <span class='ocrx_word' id='word_1_193' title='bbox 685 3750 723 3794; x_wconf 92' lang='lat' dir='ltr'><strong>se</strong></span> <span class='ocrx_word' id='word_1_194' title='bbox 762 3737 963 3806; x_wconf 87' lang='lat' dir='ltr'><strong>excusante,</strong></span> <span class='ocrx_word' id='word_1_195' title='bbox 998 3731 1199 3796; x_wconf 87' lang='lat' dir='ltr'><strong>mandatum</strong></span> <span class='ocrx_word' id='word_1_196' title='bbox 1239 3735 1405 3815; x_wconf 88' lang='lat' dir='ltr'><strong>apostoli-</strong></span> 
     </span>
     <span class='ocr_line' id='line_1_30' title="bbox 302 3829 1404 3910; baseline 0.002 -17"><span class='ocrx_word' id='word_1_197' title='bbox 302 3849 382 3893; x_wconf 90' lang='lat' dir='ltr'><strong>cum</strong></span> <span class='ocrx_word' id='word_1_198' title='bbox 406 3829 588 3910; x_wconf 83' lang='lat' dir='ltr'><strong>diligenter</strong></span> <span class='ocrx_word' id='word_1_199' title='bbox 610 3837 807 3905; x_wconf 83' lang='lat' dir='ltr'><strong>exsecutus,</strong></span> <span class='ocrx_word' id='word_1_200' title='bbox 829 3831 1086 3895; x_wconf 89' lang='lat' dir='ltr'><strong>examinatione</strong></span> <span class='ocrx_word' id='word_1_201' title='bbox 1111 3831 1176 3895; x_wconf 93' lang='lat' dir='ltr'><strong>rite</strong></span> <span class='ocrx_word' id='word_1_202' title='bbox 1201 3831 1295 3896; x_wconf 89' lang='lat' dir='ltr'><strong>facta</strong></span> <span class='ocrx_word' id='word_1_203' title='bbox 1320 3833 1404 3897; x_wconf 91' lang='lat' dir='ltr'><strong>nihil</strong></span> 
     </span>
     <span class='ocr_line' id='line_1_31' title="bbox 303 3928 1405 4010; baseline 0.003 -19"><span class='ocrx_word' id='word_1_204' title='bbox 303 3929 487 4010; x_wconf 89' lang='lat' dir='ltr'><strong>reprobum</strong></span> <span class='ocrx_word' id='word_1_205' title='bbox 525 3928 561 3991; x_wconf 90' lang='lat' dir='ltr'><strong>in</strong></span> <span class='ocrx_word' id='word_1_206' title='bbox 597 3948 745 4010; x_wconf 89' lang='lat' dir='ltr'><strong>persona</strong></span> <span class='ocrx_word' id='word_1_207' title='bbox 780 3929 880 3991; x_wconf 88' lang='lat' dir='ltr'><strong>electi</strong></span> <span class='ocrx_word' id='word_1_208' title='bbox 914 3930 1099 4009; x_wconf 89' lang='lat' dir='ltr'><strong>reperiens,</strong></span> <span class='ocrx_word' id='word_1_209' title='bbox 1132 3949 1255 3993; x_wconf 89' lang='lat' dir='ltr'><strong>munus</strong></span> <span class='ocrx_word' id='word_1_210' title='bbox 1292 3933 1405 3995; x_wconf 88' lang='lat' dir='ltr'><strong>solen·</strong></span> 
     </span>
     <span class='ocr_line' id='line_1_32' title="bbox 303 4026 1405 4108; baseline 0.004 -19"><span class='ocrx_word' id='word_1_211' title='bbox 303 4027 396 4089; x_wconf 89' lang='lat' dir='ltr'><strong>niter</strong></span> <span class='ocrx_word' id='word_1_212' title='bbox 426 4026 673 4091; x_wconf 89' lang='lat' dir='ltr'><strong>benedictionis</strong></span> <span class='ocrx_word' id='word_1_213' title='bbox 705 4026 814 4090; x_wconf 88' lang='lat' dir='ltr'><strong>eidem</strong></span> <span class='ocrx_word' id='word_1_214' title='bbox 844 4027 1011 4108; x_wconf 90' lang='lat' dir='ltr'><strong>impendit</strong></span> <span class='ocrx_word' id='word_1_215' title='bbox 1033 4027 1068 4089; x_wconf 92' lang='lat' dir='ltr'><strong>in</strong></span> <span class='ocrx_word' id='word_1_216' title='bbox 1094 4028 1246 4091; x_wconf 86' lang='lat' dir='ltr'><strong>erastino</strong></span> <span class='ocrx_word' id='word_1_217' title='bbox 1274 4029 1405 4093; x_wconf 86' lang='lat' dir='ltr'><strong>scilicet</strong></span> 
     </span>
     <span class='ocr_line' id='line_1_33' title="bbox 303 4123 1403 4206; baseline 0.002 -19"><span class='ocrx_word' id='word_1_218' title='bbox 303 4124 500 4189; x_wconf 88' lang='lat' dir='ltr'><strong>nativitatis</strong></span> <span class='ocrx_word' id='word_1_219' title='bbox 531 4127 642 4190; x_wconf 91' lang='lat' dir='ltr'><strong>beatae</strong></span> <span class='ocrx_word' id='word_1_220' title='bbox 672 4125 828 4206; x_wconf 82' lang='lat' dir='ltr'><strong>Virginis</strong></span> <span class='ocrx_word' id='word_1_221' title='bbox 859 4125 895 4187; x_wconf 94' lang='lat' dir='ltr'><strong>in</strong></span> <span class='ocrx_word' id='word_1_222' title='bbox 928 4125 1073 4189; x_wconf 90' lang='lat' dir='ltr'><strong>ecclesia</strong></span> <span class='ocrx_word' id='word_1_223' title='bbox 1103 4125 1216 4189; x_wconf 90' lang='lat' dir='ltr'><strong>sancti</strong></span> <span class='ocrx_word' id='word_1_224' title='bbox 1250 4123 1403 4206; x_wconf 80' lang='lat' dir='ltr'><strong>Albani3</strong></span> 
     </span>
     <span class='ocr_line' id='line_1_34' title="bbox 302 4223 1404 4307; baseline 0.002 -21"><span class='ocrx_word' id='word_1_225' title='bbox 302 4223 365 4286; x_wconf 91' lang='lat' dir='ltr'><strong>ubi</strong></span> <span class='ocrx_word' id='word_1_226' title='bbox 393 4231 523 4305; x_wconf 88' lang='lat' dir='ltr'><strong>apertae</strong></span> <span class='ocrx_word' id='word_1_227' title='bbox 550 4232 632 4288; x_wconf 90' lang='lat' dir='ltr'><strong>sunt</strong></span> <span class='ocrx_word' id='word_1_228' title='bbox 659 4224 768 4287; x_wconf 87' lang='lat' dir='ltr'><strong>literae</strong></span> <span class='ocrx_word' id='word_1_229' title='bbox 794 4223 936 4287; x_wconf 89' lang='lat' dir='ltr'><strong>inclusae</strong></span> <span class='ocrx_word' id='word_1_230' title='bbox 964 4223 1092 4287; x_wconf 92' lang='lat' dir='ltr'><strong>domini</strong></span> <span class='ocrx_word' id='word_1_231' title='bbox 1114 4243 1226 4306; x_wconf 90' lang='lat' dir='ltr'><strong>papae,</strong></span> <span class='ocrx_word' id='word_1_232' title='bbox 1248 4243 1347 4307; x_wconf 89' lang='lat' dir='ltr'><strong>quas,</strong></span> <span class='ocrx_word' id='word_1_233' title='bbox 1364 4232 1404 4288; x_wconf 92' lang='lat' dir='ltr'><strong>ut</strong></span> 
     </span>
     <span class='ocr_line' id='line_1_35' title="bbox 302 4322 1404 4405; baseline 0.002 -20"><span class='ocrx_word' id='word_1_234' title='bbox 302 4323 470 4405; x_wconf 91' lang='lat' dir='ltr'><strong>oportuit,</strong></span> <span class='ocrx_word' id='word_1_235' title='bbox 504 4322 634 4387; x_wconf 90' lang='lat' dir='ltr'><strong>electus</strong></span> <span class='ocrx_word' id='word_1_236' title='bbox 662 4323 696 4388; x_wconf 91' lang='lat' dir='ltr'><strong>in</strong></span> <span class='ocrx_word' id='word_1_237' title='bbox 730 4323 888 4387; x_wconf 90' lang='lat' dir='ltr'><strong>abbatem</strong></span> <span class='ocrx_word' id='word_1_238' title='bbox 925 4322 1175 4386; x_wconf 90' lang='lat' dir='ltr'><strong>benedicendus</strong></span> <span class='ocrx_word' id='word_1_239' title='bbox 1211 4323 1404 4405; x_wconf 87' lang='lat' dir='ltr'><strong>profitendo</strong></span> 
     </span>
    </p>
   </div>
   <div class='ocr_carea' id='block_1_6' title="bbox 398 4543 1308 4687">
    <p class='ocr_par' dir='ltr' id='par_1_6' title="bbox 398 4543 1308 4687">
     <span class='ocr_line' id='line_1_36' title="bbox 398 4543 1308 4612; baseline -0.001 -14"><span class='ocrx_word' id='word_1_240' title='bbox 398 4543 453 4598; x_wconf 80' lang='lat' dir='ltr'><strong>¹Et</strong></span> <span class='ocrx_word' id='word_1_241' title='bbox 464 4548 573 4612; x_wconf 75' lang='lat' dir='ltr'><strong>catera]</strong></span> <span class='ocrx_word' id='word_1_242' title='bbox 590 4549 667 4599; x_wconf 83' lang='lat' dir='ltr'><strong>Sexto</strong></span> <span class='ocrx_word' id='word_1_243' title='bbox 678 4548 736 4597; x_wconf 85' lang='lat' dir='ltr'><strong>idus</strong></span> <span class='ocrx_word' id='word_1_244' title='bbox 747 4549 830 4610; x_wconf 79' lang='lat' dir='ltr'><strong>senii,</strong></span> <span class='ocrx_word' id='word_1_245' title='bbox 841 4549 1001 4610; x_wconf 85' lang='lat' dir='ltr'><strong>pontificatus</strong></span> <span class='ocrx_word' id='word_1_246' title='bbox 1013 4547 1091 4597; x_wconf 84' lang='lat' dir='ltr'><strong>nostri</strong></span> <span class='ocrx_word' id='word_1_247' title='bbox 1102 4561 1167 4598; x_wconf 86' lang='lat' dir='ltr'><strong>anno</strong></span> <span class='ocrx_word' id='word_1_248' title='bbox 1177 4561 1258 4607; x_wconf 89' lang='lat' dir='ltr'><strong>nono;</strong></span> <span class='ocrx_word' id='word_1_249' title='bbox 1278 4549 1308 4598; x_wconf 83' lang='lat' dir='ltr'><strong>G.</strong></span> 
     </span>
     <span class='ocr_line' id='line_1_37' title="bbox 1231 4639 1256 4687; baseline 0 0"><span class='ocrx_word' id='word_1_250' title='bbox 1231 4639 1256 4687; x_wconf 88' lang='lat' dir='ltr'>Y</span> 
     </span>
    </p>
   </div>
   <div class='ocr_carea' id='block_1_7' title="bbox 0 0 1707 5625">
    <p class='ocr_par' dir='ltr' id='par_1_7' title="bbox 0 0 1707 5625">
     <span class='ocr_line' id='line_1_38' title="bbox 0 0 1707 5625; baseline 0 0"><span class='ocrx_word' id='word_1_251' title='bbox 0 0 1707 5625; x_wconf 95' lang='lat' dir='ltr'><strong> </strong></span> 
     </span>
    </p>
   </div>
  </div>
 </body>
</html>
