3384 5625
292 798 357 862 110
663 808 864 858 cncrronns
888 810 1022 858 vienn.

294 938 351 974 Pio.
383 936 436 973 HN·

295 1001 347 1073 29,
388 996 646 1081 12,qai...cam
693 994 812 1059 damet.

458 1092 569 1157 Burbu

294 1262 344 1272 -
389 1220 442 1294 29,
459 1218 615 1301 Portapo
694 1213 985 1296 Portingalensis

459 1315 551 1380 leuca

296 1443 349 1513 30,
387 1439 440 1514 16,
449 1458 604 1523 precene
694 1440 863 1496 venerant
880 1432 936 1495 ad.

457 1546 532 1601 runi

294 1694 345 1705 -
390 1655 444 1728 21,
457 1662 495 1729 et,
522 1661 646 1736 coopto
692 1659 727 1716 et
750 1654 931 1734 pecuniam
953 1653 1091 1731 obtulit,
1113 1672 1218 1737 quam
1240 1654 1399 1721 dominus

460 1751 586 1815 licentia
715 1771 808 1834 papa
834 1761 954 1833 aperto
978 1753 1055 1817 sinu
1081 1754 1227 1836 accepit.
1278 1755 1325 1820 Et
1349 1756 1399 1820 sic

458 1851 553 1914 rediit
561 1848 645 1914 adse
715 1852 757 1914 de
773 1850 866 1914 facili
878 1852 1063 1933 impetrata
1078 1852 1230 1931 licentia,
1249 1874 1398 1918 evacua·

463 1949 546 2012 lctus
715 1950 760 2013 tis
783 1950 932 2027 clitellis,
955 1969 998 2013 ne
1022 1952 1123 2014 nimis
1155 1952 1399 2034 ponderarent,

714 2049 750 2110 in
768 2046 932 2129 Angliam
957 2050 1059 2113 rediit
1084 2050 1277 2127 absolutus,
1302 2052 1398 2115 foeda

716 2146 914 2230 relinquens
943 2148 1091 2230 vestigia
1114 2156 1150 2211 et
1168 2150 1399 2231 perniciosum

717 2247 913 2327 exemplum
930 2248 1060 2330 populo
1076 2247 1230 2314 militari.

295 2378 347 2449 31,
412 2377 441 2449 3,
457 2373 646 2436 mceimase
690 2367 837 2450 'copiosa
855 2371 1065 2451 sequebatur
1083 2371 1309 2435 exercituum.

460 2469 607 2557 qacdutur

295 2631 346 2641 -
412 2595 442 2669 6,
458 2614 495 2657 ae
508 2614 647 2657 escarum
693 2589 769 2654 foro
785 2591 941 2672 legitimo
958 2612 1001 2656 ne
1018 2592 1135 2657 inedia
1150 2592 1343 2659 deficerent.

461 2739 487 2756 ..
502 2740 510 2755 .
525 2691 646 2756 lubora-
708 2712 710 2716 ’

461 2801 530 2856 reni

294 2959 346 2969 -
413 2914 442 2991 7,
460 2923 495 2978 et
509 2915 588 2978 eicos
694 2909 797 2974 Cives
824 2917 941 2973 autem
971 2917 1070 2974 tanto
1099 2911 1245 2994 principi
1276 2921 1397 2994 portas

454 3014 646 3078 waltiodor-
715 3027 796 3072 suas
812 3009 946 3090 aperire
960 3016 995 3073 et
1011 3010 1125 3092 ipsum
1140 3009 1327 3074 honorifice
1344 3033 1399 3076 re·

458 3112 517 3174 dar
716 3107 829 3188 cipere
858 3107 1052 3171 voluerunt.
1104 3107 1155 3171 At
1184 3109 1310 3174 Franci
1342 3131 1399 3175 su-

715 3207 823 3288 perbi,
849 3207 932 3289 quia
958 3207 1068 3270 omnis
1098 3209 1266 3290 superbus
1289 3210 1402 3292 impa.

716 3305 806 3369 tiens
828 3306 998 3370 consortis
1025 3305 1102 3380 erit,
1125 3308 1400 3375 contradicentes

717 3424 785 3468 non
801 3405 1040 3487 permiserunt,
1057 3404 1118 3468 sed
1138 3406 1263 3471 armati
1281 3426 1399 3472 muros

716 3503 944 3567 ascenderunt
967 3510 1002 3567 et
1015 3522 1134 3566 omnes
1149 3504 1265 3569 aditus
1282 3505 1401 3570 defen-

717 3601 797 3664 dere
820 3602 1045 3666 conabantur.
1099 3602 1180 3667 Rex
1196 3611 1313 3667 autem
1332 3604 1398 3669 Ri-

716 3697 864 3761 chardus
882 3700 925 3763 ad
946 3700 1033 3765 iram
1053 3701 1302 3766 necimmerito
1320 3723 1400 3786 pro-

716 3803 871 3859 vocatus.

297 3957 348 3966 -
392 3918 647 3995 ll,ooocolure..
695 3918 883 3995 convolari,
910 3926 945 3983 et
973 3922 1039 3984 sibi
1062 3922 1215 4004 suisque,
1242 3924 1401 3991 hostibus

460 4018 570 4082 inuitis
718 4017 850 4093 invitiS,
864 4018 1034 4083 violenter
1050 4020 1193 4085 aditum.

297 4184 348 4194 -
393 4144 444 4217 14,
459 4143 639 4206 incusarent
699 4141 841 4205 viriliter
856 4142 1072 4206 invaserunt.

296 4306 348 4317 -
392 4265 649 4347 16,wath
698 4267 817 4350 Hujus
834 4274 950 4331 autem
967 4267 1052 4331 facti
1068 4288 1146 4332 cum
1161 4269 1206 4332 ad
1224 4288 1326 4333 aures
1339 4292 1402 4354 per

462 4361 648 4445 ...pestis
719 4366 882 4448 querulos
916 4367 1007 4446 regis
1040 4367 1254 4431 Francorum
1285 4389 1403 4433 rumor

452 4459 598 4541 fecerim
718 4465 944 4546 pervenisset,
955 4466 1142 4529 maximam
1153 4474 1274 4530 contra
1284 4486 1403 4548 regem

720 4561 933 4626 Richardum
976 4563 1247 4645 indignationem
1286 4569 1402 4630 conci-
