3384 5625
293 788 318 830 X
695 784 981 832 INTRODUOTION.

294 966 399 1047 giam,
427 966 565 1048 quidam
595 965 639 1028 ad
670 967 756 1029 alias
780 967 938 1047 regiones
962 966 1203 1047 confugerunt,
1226 968 1393 1032 malentes

294 1066 469 1147 propriam
500 1067 739 1130 strenuitatem
770 1075 805 1130 et
831 1067 995 1129 virtutem
1025 1067 1186 1147 experiri,
1213 1087 1316 1149 quam
1343 1068 1393 1131 in·

295 1165 492 1246 gratissimo
508 1174 657 1247 tyranno
673 1165 850 1230 Willelmo
868 1173 902 1229 et
917 1166 1087 1247 superbiae
1103 1165 1282 1248 subjacere
1298 1166 1393 1230 Nor·

294 1283 509 1328 mancorum.
560 1263 632 1327 Alii
651 1284 787 1348 quoque
808 1266 885 1329 loca
910 1265 1045 1329 deserta
1067 1272 1223 1347 petentes
1248 1266 1392 1329 insidias

296 1363 507 1427 Normannis
524 1372 686 1445 parantes
704 1366 831 1428 multos
849 1384 892 1428 ex
911 1366 960 1428 eis
983 1371 1211 1446 peremerunt.
1264 1364 1394 1429 Reces-

293 1471 415 1527 serunt
444 1464 550 1544 igitur
577 1471 658 1527 tunc
685 1465 847 1545 temporis
875 1466 918 1527 ab
945 1463 1077 1545 Anglia
1101 1463 1303 1527 nobilissimi
1328 1465 1394 1528 viri

295 1564 438 1626 comites
468 1563 645 1626 Eaduinus
670 1571 705 1626 et
730 1563 935 1626 Morcardus
960 1564 1095 1640 fratres,
1126 1562 1326 1626 Mercherus
1356 1572 1392 1628 et

296 1661 497 1726 Weltherus
522 1662 648 1726 milites
676 1663 893 1727 invictissimi
922 1670 957 1727 et
984 1662 1185 1743 locupletes,
1215 1683 1292 1725 cum
1322 1664 1392 1744 epi·

295 1762 422 1842 scopis,
442 1760 587 1838 clericiS,
605 1770 640 1826 et
657 1762 734 1825 aliis
749 1762 866 1827 multis
885 1763 968 1828 viris
986 1761 1279 1837 nominatissimis,
1302 1781 1390 1844 quos

295 1860 436 1942 longum
459 1869 512 1925 est
537 1862 730 1943 exprimere
755 1863 978 1939 nominatim3
1009 1881 1153 1944 quorum
1177 1862 1288 1944 major
1312 1880 1391 1942 pars

296 1959 339 2022 ad
356 1960 483 2023 dictum
505 1980 620 2041 regem
644 1960 824 2025 Scotorum
846 1960 1097 2041 confugientes,
1119 1962 1163 2023 ab
1185 1961 1260 2041 ipso
1283 1960 1391 2024 hono·

295 2059 402 2136 rifice,
414 2079 456 2123 ne
465 2060 670 2123 rebellantes
684 2061 796 2142 ipsum
809 2060 898 2124 forte
916 2060 1141 2141 expellerent,
1156 2067 1237 2122 sunt
1250 2060 1390 2141 recepti.

296 2158 396 2222 Tunc
423 2160 526 2222 etiam
551 2158 732 2239 Eadgarus
764 2159 941 2241 Etheling,
966 2159 1133 2240 sanguine
1160 2167 1194 2224 et
1219 2160 1391 2241 probitate

295 2258 482 2339 praeclarus
503 2265 536 2322 et
554 2258 596 2322 de
613 2278 720 2340 regno
738 2258 875 2341 Angliae
902 2259 1011 2323 haeres
1037 2260 1222 2339 legitimuS,
1248 2277 1391 2322 cerneus

295 2377 350 2419 res
382 2358 508 2422 natalis
534 2358 656 2438 patriae
682 2358 833 2441 undique
864 2366 983 2439 patere
1013 2358 1213 2433 discrimini,
1246 2376 1389 2422 ascensa

296 2475 386 2521 nave
412 2477 488 2520 cum
513 2455 653 2537 Agathe
683 2466 793 2521 matre
823 2477 888 2520 sua
917 2465 953 2522 et
982 2458 1157 2521 sororibus
1188 2457 1391 2538 Margareta

295 2563 331 2620 et
346 2554 509 2632 Cristina,
524 2557 559 2619 in
580 2556 812 2638 Hungariam,
836 2558 893 2620 ubi
921 2565 1024 2620 natus
1048 2556 1173 2633 fuerat,
1201 2557 1392 2620 conabatur

295 2656 434 2733 reverti,
455 2655 514 2720 sed
543 2662 749 2738 tempestate
776 2658 919 2720 suborta
943 2664 1082 2721 coactus
1102 2664 1155 2721 est
1177 2657 1212 2718 in
1239 2656 1392 2719 Scotiam

295 2756 481 2838 applicare.
528 2755 608 2819 Hac
622 2756 729 2838 igitur
743 2758 925 2821 occasione
938 2764 1051 2823 actum
1068 2764 1121 2820 est
1135 2762 1174 2819 ut
1188 2754 1227 2819 M
1231 2761 1392 2836 argareta

295 2857 369 2936 regi
400 2856 588 2919 Malcolmo
616 2858 739 2937 nuptui
773 2856 977 2920 traderetur.
1039 2855 1144 2918 Soror
1174 2861 1289 2917 autem
1316 2854 1393 2937 ejus

296 2953 449 3019 Cristina
480 2956 752 3019 sanctimonialis
783 2956 878 3019 facta
912 2954 1042 3017 caelesti
1073 2953 1165 3034 Regi
1198 2954 1392 3035 copulatur.

296 3052 383 3117 Nati
407 3061 488 3117 sunt
518 3054 625 3134 igitur
657 3056 785 3134 reginae
820 3055 1032 3134 Margaretae
1067 3072 1128 3115 sex
1160 3052 1221 3115 filii
1245 3060 1280 3115 et
1311 3052 1390 3115 duae

294 3153 401 3231 filiae,
441 3171 587 3235 quorum
626 3161 708 3229 tres,
744 3153 903 3234 Edgarus
934 3153 1077 3228 scilicet,
1110 3150 1323 3227 Alexander,
1358 3159 1393 3214 et

297 3251 425 3327 David,
443 3251 550 3333 juxta
575 3253 709 3332 generis
735 3254 788 3316 sui
811 3252 1026 3316 nobilitatem
1051 3270 1150 3331 reges
1176 3258 1298 3332 postea
1319 3249 1393 3313 fue-

294 3360 386 3415 runt.
438 3351 494 3413 Ex
511 3358 593 3414 tunc
612 3371 695 3434 ergo
711 3373 831 3434 regum
849 3351 985 3433 Angliae
1004 3351 1179 3425 nobilitas
1198 3369 1218 3412 a
1242 3349 1392 3430 propriis

294 3471 355 3532 per
376 3450 598 3515 Normannos
622 3453 769 3533 expulsa
791 3453 929 3524 finibus,
953 3450 995 3511 ad
1018 3469 1116 3528 reges
1139 3449 1318 3512 Scotorum
1338 3456 1393 3511 est

294 3550 420 3613 infelici
448 3551 559 3612 sidere
591 3549 766 3624 devoluta,
793 3557 829 3611 et
857 3548 970 3610 aureis
1000 3547 1125 3610 seculis
1154 3553 1395 3610 successerunt

293 3649 396 3711 luteis
413 3647 609 3726 deteriora3
634 3666 697 3710 nec
720 3666 829 3728 usque
856 3646 899 3710 ad
923 3653 1079 3727 tempora
1101 3647 1175 3710 haec
1199 3646 1394 3721 scribentis,

294 3747 452 3810 videlicet
475 3765 602 3809 aunum
628 3746 750 3827 gratiae
778 3762 897 3824 uoce,
914 3753 969 3810 est
991 3747 1153 3810 inventus
1175 3765 1237 3808 rex
1254 3743 1395 3825 Angliae

292 3846 395 3909 titulo
411 3845 608 3909 sanctitatis
625 3845 823 3926 insignitus.

486 4009 658 4075 Ooenobiwm
675 4010 756 4095 qnod
768 4010 893 4075 Bellum
907 4010 1026 4076 dicitur
1034 4011 1209 4095 fundatur.

344 4144 424 4208 Rex
455 4143 573 4224 itaque
599 4142 808 4219 Willelmus,
834 4163 911 4206 cum
946 4143 1120 4206 abbatiam
1148 4143 1189 4205 de
1225 4141 1324 4204 Bello
1357 4140 1394 4203 in

293 4242 456 4306 honorem
490 4243 602 4305 sancti
634 4242 779 4306 Martini
812 4263 875 4324 pro
907 4242 1089 4304 animabus
1128 4242 1320 4304 occisorum
1360 4241 1395 4303 in

293 4342 383 4405 bello
416 4341 608 4416 fundasset,
638 4349 673 4404 et
703 4350 854 4406 castrum
889 4342 932 4404 de
967 4339 1143 4421 Hastingo
1177 4339 1394 4414 festinanter,

293 4441 384 4521 quod
408 4447 443 4504 et
465 4441 515 4504 sic
538 4440 615 4504 ideo
641 4442 841 4522 appellavit,
867 4442 1050 4515 firmasset,
1072 4458 1192 4504 versus
1218 4437 1395 4501 Oxoniam

293 4540 357 4602 sibi
382 4539 541 4603 rebellem
569 4541 633 4604 iter
655 4549 690 4604 et
706 4541 836 4607 vexilla
860 4539 998 4616 direxit,
1024 4547 1059 4602 et
1082 4539 1192 4621 ipsam
1215 4537 1395 4601 obsidione
