3384 5625
291 768 357 833 188
665 786 863 834 unc‘rrorvus
887 786 1020 834 vomu.

290 966 382 1029 bella
399 968 634 1049 potiusquam
654 988 775 1050 pacem
794 967 989 1041 voluerunt,
1007 964 1110 1045 regiis
1132 963 1274 1027 auribus
1290 964 1399 1027 verba

291 1063 471 1129 discordiae
487 1068 697 1131 susurrando
718 1066 943 1130 instillarunt.
990 1065 1165 1128 Dixerunt
1182 1063 1273 1127 anim
1290 1082 1397 1143 grun-

290 1166 415 1228 niendo
444 1173 478 1229 et
503 1167 730 1231 derisionibus
749 1166 988 1248 multiplicatis
1011 1161 1267 1239 subsannando,
1283 1162 1397 1227 ‘Ecce

291 1265 479 1345 vigesimus
496 1267 637 1348 quintus
652 1286 714 1329 rex
732 1267 766 1329 in
785 1264 940 1346 Anglia;
964 1283 1043 1329 ecce
1061 1263 1136 1347 jam
1152 1281 1221 1326 non
1239 1281 1314 1338 rex,
1332 1281 1397 1326 nec

290 1366 394 1428 ctiam
422 1365 575 1446 regulus,
604 1365 663 1429 sed
696 1385 815 1447 regum
849 1365 1097 1447 opprobrium3
1125 1361 1227 1426 malle
1256 1361 1396 1425 deberet

293 1484 360 1527 non
388 1485 463 1541 rex,
496 1483 599 1546 quam
634 1466 684 1528 sic
714 1485 777 1528 rex
808 1483 893 1528 esse.
957 1462 1047 1528 Ecce
1082 1482 1143 1525 rex
1170 1462 1244 1525 sine
1274 1479 1395 1541 reguo,

295 1563 453 1626 dominus
478 1564 553 1628 sine
575 1564 744 1643 domini03
772 1584 851 1628 ecce
874 1563 994 1627 allicus
1024 1563 1123 1626 nauci
1149 1569 1184 1625 et
1207 1560 1397 1642 angularis,

295 1670 373 1727 rota
399 1664 522 1746 quinta
549 1665 585 1727 in
611 1665 779 1746 plaustro,
811 1683 931 1745 regum
959 1662 1101 1726 ultimus
1128 1668 1163 1724 et
1194 1659 1313 1743 populi
1338 1661 1397 1723 ab·

289 1760 410 1844 jectio.
465 1763 571 1827 Heu!
611 1764 714 1827 miser
738 1771 773 1827 et
800 1782 921 1827 servus
949 1763 1081 1826 ultimae
1107 1760 1325 1834 conditionis,
1353 1759 1396 1823 ad

294 1880 398 1943 quam
433 1864 610 1926 servitutis
642 1864 814 1926 miseriam
842 1863 1026 1927 devolutus
1059 1862 1124 1925 esl
1178 1859 1291 1922 Fuisti
1322 1879 1397 1936 rex,

296 1980 387 2024 nunc
414 1961 505 2040 faex3
536 1963 630 2026 fuisti
660 1964 844 2039 maximus,
869 1982 960 2026 nunc
985 1961 1155 2024 minimus.
1219 1957 1317 2021 Nihil
1349 1959 1397 2021 in-

294 2059 442 2124 foelicius
458 2080 561 2143 quam
578 2062 685 2126 fuisse
698 2062 870 2126 foelicemss
922 2062 968 2125 Et
981 2061 1031 2125 sic
1047 2061 1133 2123 iram
1157 2066 1399 2139 provocantes,

299 2158 457 2224 addendo
489 2162 661 2225 flammam
693 2169 809 2239 vento,
839 2164 883 2225 ab
912 2162 993 2243 igne
1015 2159 1203 2242 sulphureo
1230 2158 1400 2221 scintillas

296 2259 504 2323 excitarunt.

672 2394 802 2457 Aocrsio
818 2393 920 2457 cordio
935 2392 1023 2478 repis.

346 2557 445 2620 Tunc
465 2575 528 2619 rex
552 2558 653 2621 nimis
670 2558 829 2622 credulus
854 2559 1003 2622 susurris
1021 2554 1300 2620 abominabilium
1318 2577 1400 2640 rup-

298 2658 477 2734 tariorum,
505 2677 592 2740 quos
618 2677 663 2721 ex
686 2659 934 2723 consuetudine
958 2659 994 2721 iu
1018 2658 1191 2739 propriam
1215 2657 1400 2738 pernicicm

297 2758 398 2822 nimis
415 2758 571 2836 libenter,
594 2758 740 2842 abjectis
757 2760 972 2824 naturalibus
992 2757 1063 2821 suis
1086 2756 1293 2833 hominibus
1315 2755 1399 2820 edu·

297 2865 450 2932 caverat,
474 2859 625 2921 animum
650 2860 876 2922 summutavit
899 2869 934 2923 ct
954 2879 1013 2923 cor
1033 2858 1108 2941 ejus
1133 2857 1292 2939 pessimis
1319 2876 1400 2921 con·

298 2957 383 3018 siliis
408 2956 609 3034 inclinavit;
639 2957 716 3019 leve
747 2965 800 3020 est
827 2959 916 3020 euim
943 2959 1168 3021 fluctuantem
1192 2975 1342 3032 movere,
1365 2964 1400 3019 et

298 3055 487 3135 proclivum
516 3055 559 3118 ad
587 3056 691 3132 mala,
718 3056 760 3118 ad
785 3056 920 3136 flagitia
942 3058 1169 3139 praecipitare.
1221 3054 1322 3119 Tunc
1339 3075 1403 3119 rex

299 3155 342 3215 ab
358 3154 429 3216 alto
452 3152 581 3218 ducens
604 3156 765 3236 suspiria,
792 3164 961 3238 concepta
983 3156 1220 3237 indignatione
1237 3156 1403 3233 maxima,

299 3253 405 3334 coepit
430 3253 465 3316 in
494 3273 532 3317 se
554 3255 630 3336 ipso
654 3256 840 3330 tabescere,
864 3263 899 3319 et
915 3256 1217 3319 lamentationibus
1236 3255 1403 3338 multipli-

300 3353 387 3415 catis
404 3354 643 3435 conquerendo
660 3354 785 3430 dicere,
803 3361 812 3389 ‘
827 3355 877 3418 Ut
893 3356 976 3439 quid
992 3375 1046 3418 me
1063 3353 1183 3434 genuit
1199 3361 1310 3418 mater
1327 3374 1404 3420 mea

300 3450 435 3515 infoelix
468 3460 503 3517 et
530 3455 731 3536 impudical
785 3454 834 3518 Ut
862 3456 943 3537 quid
978 3455 1123 3535 genibus
1155 3460 1335 3535 exceptus,
1364 3462 1404 3518 ut

301 3550 384 3631 quid
419 3554 582 3617 uberibus
622 3553 817 3617 ablactatus
849 3555 1037 3617 infaustum
1070 3553 1186 3634 accepi
1217 3553 1405 3615 incremen-

303 3651 402 3713 tuml
457 3652 599 3714 Ferrum
616 3652 699 3714 mibi
715 3653 830 3733 potius
849 3671 952 3733 quam
968 3652 1167 3714 alimentum
1186 3649 1303 3715 debuit
1318 3669 1404 3732 prae·

301 3748 439 3830 parari?
492 3749 609 3831 Coepit
625 3750 780 3812 frendere
796 3748 966 3826 dentibus,
990 3751 1099 3812 oculis
1115 3749 1223 3814 torvis
1239 3749 1405 3813 intuitum

301 3856 512 3929 retorquere,
543 3854 700 3928 arreptos
733 3847 876 3910 baculos
913 3856 948 3912 et
979 3849 1117 3932 stipites
1155 3867 1248 3912 more
1285 3848 1405 3912 furiosi

302 3966 392 4009 nunc
415 3945 604 4024 corrodere,
628 3965 718 4009 nunc
739 3965 896 4010 corrosos
923 3948 1150 4031 confringere,
1170 3956 1205 4012 et
1227 3947 1405 4012 inordina·

303 4053 413 4108 torum
433 4053 592 4125 gestuum
610 4046 765 4129 plurimis
781 4049 993 4127 argumentis
1013 4057 1218 4131 conceptum
1239 4046 1406 4124 dolorem,

302 4145 371 4207 imo
385 4143 546 4222 furorem,
560 4146 790 4210 manifestare.
844 4147 890 4210 Et
905 4149 1023 4211 statim
1039 4148 1074 4211 in
1090 4150 1167 4230 ipsa
1182 4153 1295 4222 nocte,
1312 4148 1407 4211 clan-

301 4245 380 4308 culo
399 4244 565 4309 consectis
588 4246 709 4321 literis,
735 4246 829 4309 misit
848 4247 890 4309 ad
917 4246 1115 4329 Philippum
1140 4247 1241 4310 Marc
1265 4253 1407 4311 consta·

302 4342 472 4406 bularium
505 4345 609 4409 castri
644 4345 686 4408 de
717 4344 947 4426 Notingbam,
978 4346 1117 4410 natione
1149 4346 1406 4424 Pictaveusem,

302 4441 459 4505 similiter
475 4453 509 4506 ct
526 4443 569 4506 ad
587 4463 705 4506 omnes
722 4463 803 4508 suos
820 4445 1045 4526 alienigenas,
1061 4445 1097 4508 in
1113 4446 1238 4526 quibus
1254 4447 1406 4511 maxime

303 4539 496 4605 confidebat
514 4543 627 4605 anima
639 4562 715 4619 sua,
731 4551 770 4606 ut
785 4553 902 4608 castra
917 4563 981 4607 sua
995 4544 1204 4609 victualibus
1221 4548 1406 4623 munirent,
