3384 5625
288 771 356 837 326
654 788 855 836 nuorronus
879 788 1012 837 vnnrn.

301 911 358 947 Pro.
380 910 433 947 ulit.

292 970 365 1050 337,
385 970 436 1050 17,
450 972 639 1056 vellesper-
689 973 767 1057 plus
813 973 944 1057 placuit
989 992 1120 1036 morum
1163 972 1389 1054 experientia,

456 1073 522 1136 cuit
541 1119 548 1134 .
565 1118 572 1133 .
590 1120 597 1134 .
616 1119 624 1136 .
711 1092 815 1155 quarn
839 1072 972 1135 invenit
991 1073 1232 1154 praerogativa·
1245 1072 1389 1152 insigni·

452 1172 608 1235 accillum
711 1179 795 1249 tam,
825 1178 861 1235 et
890 1171 1094 1252 eloquentiae
1125 1172 1236 1252 perita
1263 1170 1389 1233 facetia

457 1279 603 1354 opponu-
710 1270 892 1334 eruditem.
943 1269 988 1332 In
1003 1269 1092 1333 festo
1109 1289 1191 1333 vero
1205 1270 1390 1351 desponsa-

322 1403 325 1413 ·
358 1431 362 1438 ,
456 1388 532 1432 uma
654 1370 657 1375 ’
711 1370 815 1433 tionis
829 1367 1057 1450 imperatricis
1073 1367 1245 1443 Isabellae‚
1259 1369 1389 1431 sororis

711 1468 840 1532 domini
870 1467 963 1549 regis
1003 1464 1154 1547 Angliae,
1185 1474 1285 1529 erant
1318 1475 1390 1530 tam

713 1567 803 1649 apud
816 1566 1037 1651 Moguntium
1047 1585 1151 1647 quam
1163 1565 1391 1630 Wermesiam

713 1675 861 1749 quatuor
875 1685 986 1747 reges,
1003 1670 1039 1728 et
1051 1665 1208 1728 undecim
1221 1664 1336 1739 duceS,
1354 1671 1390 1727 et

713 1766 858 1847 triginta
868 1765 1010 1829 comites
1024 1771 1059 1828 et
1070 1764 1294 1839 marchiones,
1303 1783 1389 1845 prae-

712 1872 766 1929 ter
789 1865 964 1947 praelatos.
1018 1862 1132 1927 Nocte
1157 1882 1239 1928 vero
1266 1863 1390 1945 prima,

713 1983 782 2045 qua
792 1963 975 2028 concubuit
984 1961 1171 2045 imperator
1179 1982 1256 2025 cum
1271 1980 1392 2038 ea,no-

713 2062 778 2127 luit
794 2082 870 2127 eam
887 2062 1071 2126 carnaliter
1089 2081 1307 2143 cognoscere,
1329 2061 1391 2124 do·

712 2182 775 2226 nec
801 2168 999 2245 competens
1024 2160 1110 2223 hora
1135 2163 1178 2224 ab
1205 2160 1391 2242 astrologis

713 2260 746 2324 ei
759 2261 984 2324 nuntiaretur.
1018 2258 1392 2325 Consummataautem

713 2360 845 2423 carnali
860 2358 1117 2436 commixtione,
1142 2378 1275 2422 summo
1290 2377 1391 2421 mane

714 2459 895 2540 deputavit
923 2477 999 2522 eam
1025 2458 1124 2539 quasi
1153 2463 1391 2538 praegnantem

714 2556 873 2639 diligenti
888 2557 1067 2635 custodiae,
1088 2556 1204 2621 dicens
1224 2555 1267 2633 ei,
1280 2560 1290 2589 ‘
1305 2554 1393 2619 Cus-

714 2657 788 2721 todi
823 2664 858 2721 te
891 2657 1076 2738 sapienter,
1107 2656 1188 2738 quia
1219 2655 1325 2719 habes
1357 2655 1393 2718 in

715 2763 813 2820 utero
831 2755 1043 2820 masculum.'
1090 2754 1137 2819 Et
1148 2755 1212 2819 hoo
1226 2754 1315 2819 idem
1329 2774 1393 2838 pro

715 2862 809 2918 certo
834 2854 1043 2936 significavit
1062 2853 1200 2919 domino
1226 2854 1301 2936 regi
1318 2851 1393 2917 An-

715 2954 808 3034 gliae,
845 2953 945 3016 fratri
984 2970 1060 3029 suo,
1096 2971 1157 3033 per
1193 2953 1394 3035 episcopum

715 3051 948 3115 Exoniensem
965 3058 1000 3115 et
1014 3051 1218 3131 magistrum
1235 3052 1277 3114 de
1294 3070 1394 3115 sanc-

716 3158 754 3216 to
767 3150 923 3232 AEgidio,
937 3150 1095 3214 Fratrem
1115 3149 1394 3217 Praedicatorem.

720 3250 766 3314 Et
783 3251 832 3314 sic
849 3250 995 3332 contigit
1010 3269 1019 3329 ;
1046 3248 1180 3332 peperit
1197 3249 1286 3311 enim
1304 3267 1395 3312 mas-

716 3350 841 3428 culum,
864 3349 964 3433 cnjus
986 3368 1110 3412 nomen
1125 3347 1299 3411 Henricus
1316 3347 1395 3413 suit.

717 3448 862 3532 Nuptiis
877 3448 984 3530 igitur
996 3447 1116 3510 diebus
1127 3455 1276 3529 quatuor
1285 3446 1396 3509 conti-

717 3548 795 3610 nuis
812 3547 993 3628 magnifice
1008 3546 1200 3621 celebratis,
1213 3546 1396 3626 episcopus

717 3646 926 3709 Exoniensis
950 3653 986 3708 et
1010 3644 1139 3720 caeteri,
1159 3644 1313 3724 quicum
1332 3644 1396 3705 im-

716 3744 885 3824 peratrice
897 3742 1120 3814 advenerant,
1133 3742 1177 3803 ab
1189 3742 1398 3821 imperatore

717 3839 857 3903 licentia
871 3839 1066 3922 impetrata,
1081 3838 1125 3901 ad
1136 3836 1300 3919 Angliam
1317 3859 1397 3904 curn

717 3937 844 4021 gaudio
858 3943 939 4003 sunt
951 3938 1091 4002 reversi.
1128 3937 1227 4001 Misit
1236 3958 1319 4018 ergo
1332 3939 1397 4002 im-

717 4045 858 4122 perator
876 4037 950 4120 regi
962 4035 1156 4118 Anglorum
1173 4044 1241 4100 tres
1262 4037 1399 4119 leopar-

718 4137 794 4215 dos,
808 4138 844 4201 in
858 4138 996 4218 signum
1007 4136 1133 4217 regalis
1144 4136 1268 4218 clypei,
1282 4137 1317 4199 in
1330 4156 1400 4219 quo

719 4244 789 4301 tres
798 4236 952 4320 leopardi
964 4242 1180 4299 transeuntes
1193 4235 1396 4314 figurantur,

718 4355 797 4399 cum
814 4336 892 4399 aliis
913 4335 1065 4399 donariis
1084 4333 1256 4417 pretiosis,
1273 4335 1398 4413 quibus

718 4436 876 4516 regiones
903 4453 972 4498 non
1001 4433 1178 4497 abundant
1199 4432 1398 4498 occidentis.

719 4533 784 4597 Cui
799 4535 904 4598 etiam
917 4541 1037 4598 contra
1051 4552 1165 4613 regem
1187 4531 1400 4597 Francorum
