3384 5625
678 790 880 839 nucrrouss
903 792 1032 840 viarm.
1337 779 1401 843 271

301 991 439 1055 scopus.
500 974 610 1037 Facta
644 973 752 1054 igitur
785 974 851 1037 rite
887 973 1065 1049 electione,
1104 984 1402 1055 praesentaverunt

302 1091 378 1137 eum
402 1072 476 1154 regi
497 1081 622 1137 octavo
645 1071 806 1135 calendas
833 1071 1014 1151 Octobris3
1049 1092 1149 1154 quem
1177 1092 1240 1137 rex
1263 1083 1404 1156 gratan-

301 1177 365 1246 ter,
389 1180 557 1253 quautum
579 1170 686 1235 adse
711 1172 916 1252 pertinebat,
945 1178 1142 1253 acceptans,
1171 1172 1214 1235 de
1240 1175 1401 1238 maneriis

300 1278 336 1334 et
363 1272 465 1333 rebus
492 1270 570 1333 aliis
597 1267 640 1333 ad
674 1270 1006 1351 archiepiscopatum
1035 1271 1273 1354 adjacentibus
1304 1273 1401 1336 illum

300 1370 458 1450 protinus
494 1369 683 1433 investivit.
750 1370 797 1432 Et
829 1369 989 1432 monachi
1022 1369 1170 1433 Romam
1202 1372 1400 1453 profecturi,

300 1467 345 1530 ad
369 1468 515 1530 electum
544 1487 653 1537 suum¹
672 1471 860 1543 venientes,
885 1469 1057 1549 petierunt
1079 1470 1123 1531 ab
1149 1470 1209 1532 illo
1232 1471 1401 1533 auxilium

301 1566 344 1629 ad
370 1586 541 1649 expensas
573 1567 706 1629 itineris
738 1574 774 1628 et
806 1566 985 1630 servitium
1017 1567 1121 1630 curiae
1152 1567 1333 1645 Romanae,
1366 1579 1402 1634 et

300 1665 329 1727 si
357 1683 427 1746 qua
462 1674 546 1728 sunt
566 1664 704 1728 similia.
750 1664 818 1727 Sed
842 1665 913 1740 ille,
939 1666 1091 1729 sentiens
1115 1665 1151 1728 iu
1177 1667 1292 1730 animo
1315 1668 1400 1731 illud

300 1784 369 1827 non
404 1765 541 1845 penitus
574 1784 690 1827 carere
725 1765 889 1854 scrupulo
923 1764 1077 1828 simoniae
1112 1784 1152 1828 ac
1188 1767 1398 1843 ambitionis

299 1863 401 1944 plane
440 1861 624 1928 affirmavit
660 1863 753 1945 quod
791 1871 933 1945 propter
968 1863 1033 1926 hoc
1071 1862 1120 1926 eis
1156 1884 1219 1927 nec
1259 1866 1398 1928 obolum

299 1981 404 2023 unum
442 1963 598 2038 donaret,
638 1981 760 2025 manus
797 1963 940 2026 tendens
975 1962 1011 2024 in
1044 1964 1167 2025 caelum
1202 1972 1238 2026 et
1270 1964 1395 2041 dicens,

298 2061 470 2124 ‘Domine
496 2062 594 2125 Deus
622 2061 852 2143 omnipotens
879 2062 909 2124 si
931 2062 1107 2125 vocandus
1129 2081 1218 2138 sum,
1241 2063 1322 2126 licet
1345 2064 1398 2126 in-

300 2157 436 2241 dignae,
470 2160 514 2223 ad
549 2160 855 2241 archipraesulatus
887 2157 1047 2235 officium,
1077 2161 1139 2224 fiat
1170 2161 1234 2225 hoc
1261 2170 1295 2225 te
1328 2162 1398 2225 dis-

299 2267 468 2341 ponente3
492 2258 523 2321 si
538 2268 653 2323 autem
674 2259 710 2321 in
732 2257 797 2322 hac
817 2259 1047 2322 sollicitudine
1069 2260 1296 2338 cancellariae,
1319 2281 1398 2325 nec-

299 2376 368 2420 non
385 2358 527 2421 minoris
541 2356 653 2434 officii,
669 2358 725 2421 cni
741 2358 912 2439 assignor,
926 2376 1032 2439 regno
1050 2366 1085 2422 et
1100 2360 1229 2443 populo
1244 2367 1305 2423 tuo
1322 2380 1398 2423 sum

298 2458 523 2533 necessarius,
534 2476 604 2520 non
621 2475 741 2520 recuso
756 2457 921 2533 laborem,
935 2458 997 2521 fiat
1008 2457 1168 2521 voluntas
1183 2459 1266 2522 tua.'
1318 2459 1398 2524 Mo·

299 2555 400 2618 nachi
416 2576 510 2632 vero,
523 2556 589 2619 viri
604 2556 835 2619 constantiam
859 2557 974 2638 potius
996 2575 1099 2637 quam
1123 2558 1341 2621 rebellionem
1361 2559 1397 2620 in

297 2653 363 2719 hoc
393 2656 497 2718 verbo
522 2662 720 2736 pensanteS,
746 2673 815 2717 non
843 2654 921 2717 ideo
943 2654 1056 2718 minus
1082 2654 1230 2718 Romam
1252 2656 1396 2736 proiecti

297 2753 498 2818 electionem
525 2754 599 2818 sive
624 2754 891 2836 postulationem
915 2752 1042 2817 factam
1064 2754 1237 2836 petierunt
1260 2773 1281 2817 a
1305 2774 1397 2838 papa

298 2860 338 2916 nt
363 2855 569 2918 auctoritate
591 2873 657 2916 sua
681 2853 912 2917 confirmaret.
964 2853 1134 2916 Dominus
1155 2853 1272 2936 itaque
1292 2873 1397 2936 papa,

298 2951 403 3028 facta,
429 2959 469 3016 nt
485 2952 623 3029 dicitur,
644 2971 665 3015 a
690 2953 858 3033 magistro
876 2952 1015 3016 Simone
1031 2952 1073 3016 de
1092 2952 1300 3034 Langetnna
1317 2953 1395 3017 dili-

299 3050 395 3133 genti
421 3052 644 3133 inquisitione
661 3050 704 3115 de
718 3071 866 3132 persona
884 3052 1064 3134 postulati,
1087 3052 1276 3134 respondit,
1298 3053 1395 3116 illum

296 3151 460 3214 curialem
486 3169 562 3214 esse
586 3156 622 3212 et
636 3149 849 3227 illiteratum,
870 3150 1027 3233 rapidum
1052 3151 1088 3213 in
1106 3152 1210 3215 verbo
1236 3171 1277 3217 ac
1298 3152 1394 3216 sesti·

297 3268 391 3326 num,
419 3256 465 3326 et,
488 3249 581 3331 qnod
608 3248 728 3311 dumus
755 3256 820 3326 est,
845 3249 876 3311 si
900 3248 944 3312 ad
966 3249 1061 3312 illam
1086 3250 1290 3331 dignitatem
1318 3271 1395 3332 pro-

297 3355 503 3424 moveretur,
521 3348 634 3411 moliri
655 3347 840 3423 volentem,
865 3354 916 3424 ut,
943 3348 1126 3411 anhelante
1151 3349 1195 3411 ad
1221 3349 1286 3412 hoc
1313 3368 1395 3430 rege

296 3467 374 3511 cum
391 3453 466 3510 toto
483 3467 591 3528 regno
603 3446 762 3529 juvante,
781 3453 961 3510 excuteret
975 3445 1140 3528 Angliam
1159 3447 1201 3510 de
1224 3449 1289 3510 sub
1305 3448 1394 3530 jugo

296 3546 425 3610 domini
448 3564 548 3627 papae
573 3553 608 3609 et
625 3546 730 3609 curiae
746 3545 927 3621 Romanae,
950 3546 1010 3627 qui
1034 3545 1142 3609 eidem
1168 3553 1306 3610 tenetur
1331 3547 1395 3608 snb

295 3645 437 3720 tributo,
459 3651 499 3708 ut
521 3645 637 3709 soluto
652 3645 790 3708 vinculo
814 3643 948 3720 tributi,
968 3664 1037 3726 quo
1063 3645 1211 3709 irretivit
1230 3664 1306 3708 eam
1331 3665 1394 3709 rex

295 3743 318 3807 J
321 3743 486 3820 ohannes,
500 3745 605 3808 solita
619 3744 696 3808 Deo
709 3752 745 3808 et
752 3743 906 3808 ecclesiae
923 3751 1054 3807 sanctae
1069 3743 1215 3807 serviret
1224 3744 1393 3808 libertate.

295 3843 342 3906 Et
367 3843 411 3906 ad
437 3844 502 3906 hoc
518 3843 623 3907 vellet
642 3863 751 3925 usque
777 3843 1028 3925 expositionem
1054 3845 1178 3926 capitis
1203 3843 1391 3921 decertare,

294 3943 436 4005 innixus
460 3941 533 4024 juri
559 3950 595 4005 et
618 3943 907 4024 appellationibus
931 3942 1109 4023 Stephani,
1133 3940 1395 4007 Cantuariensis

294 4041 555 4123 archiepiscopi,
572 4060 659 4122 quas
676 4040 758 4104 fecit
774 4041 974 4102 solemniter
992 4040 1082 4102 idem
1100 4040 1295 4121 Stephanus
1313 4047 1393 4104 ante

293 4141 403 4203 altare
414 4140 527 4204 sancti
543 4140 646 4203 Pauli
659 4141 695 4203 in
709 4139 855 4202 ecclesia
872 4136 1061 4200 cathedrali
1076 4137 1299 4213 Londinensi,
1315 4158 1392 4200 cum

293 4239 451 4303 redderet
476 4258 638 4302 coronam
666 4236 806 4318 Angliae
834 4243 1042 4300 memoratus
1065 4256 1128 4300 rex
1153 4236 1176 4300 J
1180 4236 1331 4300 ohannes
1358 4239 1394 4300 in

294 4358 417 4401 manus
442 4339 560 4419 legati,
595 4337 780 4400 conficiens
817 4336 982 4417 scriptum
1010 4337 1075 4400 toti
1104 4336 1231 4399 mundo
1256 4355 1396 4399 execra-

293 4437 372 4500 bile.
412 4435 512 4518 Papa
539 4443 654 4499 autem
680 4437 734 4498 his
759 4435 887 4498 auditis
912 4436 1137 4510 sermonibus,
1161 4435 1395 4516 postulatione

294 4542 443 4611 cassata,
483 4535 655 4600 concessit
688 4542 728 4598 ut
768 4541 959 4598 conventus
995 4532 1254 4598 Cantuariensis
1289 4534 1394 4596 alium
