3384 5625
669 779 868 828 undisonus
895 782 1027 830 VARIAE.

298 898 374 1038 362,
387 899 442 1037 22,
460 969 616 1026 transma-
694 962 949 1029 destitueretur.

461 1081 534 1125 reno

294 1223 345 1233 -
391 1185 442 1261 23,
460 1182 591 1248 imbellis
694 1185 855 1262 imbellis,
869 1193 904 1250 et
915 1186 1045 1250 faciens
1059 1187 1101 1251 de
1114 1193 1321 1255 necessitate
1332 1192 1397 1256 vir-

462 1281 532 1346 leeet
716 1290 839 1362 tutem,
868 1287 1116 1352 salubrioribus
1146 1291 1398 1373 obtemperaret

716 1383 881 1448 consiliis
965 1385 1121 1469 Cumque
1170 1393 1397 1454 communiter

717 1480 802 1545 haec.

294 1641 345 1651 -
389 1602 441 1676 25,
459 1601 600 1665 videlieet
695 1605 825 1669 scilicet
842 1606 1029 1671 dominum.

297 1724 370 1798 360,
389 1725 443 1799 23,
460 1726 570 1788 Arraz
696 1728 877 1794 Atrebate
909 1768 914 1778 ·

294 1882 345 1895 -
389 1848 443 1921 29,
458 1846 503 1907 ad
520 1845 623 1909 urbem
698 1850 890 1915 Londiuum
910 1856 1087 1921 venientes
1106 1862 1234 1943 recepti
1248 1869 1336 1925 sunt.

461 1992 467 2004 .
482 1992 508 2006 ..
515 1967 622 2028 perne

458 2054 571 2107 nerent

296 2165 369 2240 361,
412 2166 440 2241 6,
456 2168 587 2251 qravier
693 2162 780 2227 deae.

295 2328 345 2339 -
390 2291 442 2365 34,
457 2289 642 2355 habmus...
694 2285 859 2351 habentes
878 2336 930 2351 ...
949 2292 1152 2358 constiterit.

460 2398 489 2452 et
506 2399 644 2453 emman-

459 2496 517 2551 tom

295 2608 367 2684 362,
408 2612 441 2685 8,
458 2610 564 2675 omero
582 2659 590 2674 ,
609 2659 615 2673 ,
635 2661 642 2674 ,
693 2601 893 2667 Andomaro
909 2625 985 2668 cum
1003 2608 1075 2670 suis
1091 2610 1202 2672 sociis

460 2719 489 2773 ot
506 2709 644 2775 mnitibus

457 2809 524 2873 utu

294 2931 369 3005 363,
387 2934 441 3011 20,
455 2933 564 2998 mum
693 2921 824 3000 ludum,
836 2922 929 3006 quod
945 2924 1167 3021 hastiludium
1181 2928 1235 2992 vel
1261 2933 1394 2992 tornea·

715 3031 866 3086 mentum
879 3024 1018 3088 dicitur.
1184 3034 1187 3039 ’

292 3183 343 3197 —-
389 3147 441 3222 25,
455 3148 589 3211 Esseee'ae
689 3146 778 3211 deest.

294 3240 368 3345 364,
411 3268 439 3348 7,
455 3281 483 3334 et
502 3272 643 3358 diliqoret
694 3268 891 3350 defenderet
909 3280 945 3335 et
960 3270 1128 3353 diligeret.

293 3435 344 3445 -
389 3396 439 3471 18,
455 3417 516 3458 non
693 3412 883 3476 nunquam.
1024 3369 1027 3376 ⁶

292 3552 343 3561 —
387 3519 440 3593 22,
458 3519 550 3598 dixit,
565 3521 646 3605 quod
693 3516 811 3582 desinet.

294 3638 368 3714 365,
388 3643 438 3717 18,
463 3643 644 3707 bodonicus
691 3639 779 3703 deest.

292 3759 369 3837 367,
388 3762 439 3842 27,
454 3769 631 3852 anyustt'um
693 3763 786 3827 addit
824 3762 949 3841 Paris„
981 3772 1108 3842 mente,
1139 3764 1328 3842 voluntate,
1360 3774 1396 3830 et

716 3862 889 3946 adjutorio
908 3865 1094 3941 consensit,
1119 3864 1178 3927 sed
1201 3865 1394 3946 praevidens

604 3959 608 3967 '
715 3961 910 4025 futurorum
944 3971 1128 4026 eventuum
1158 3962 1309 4043 pericula
1333 3983 1394 4045 pa-

715 4059 785 4121 lam
811 4079 990 4123 assensum
1011 4079 1079 4122 non
1102 4059 1267 4136 adhibuit,
1288 4070 1322 4125 et
1344 4062 1394 4126 sic
1474 4076 1483 4095 ·

716 4177 785 4221 non
800 4159 901 4239 quasi
915 4158 1061 4222 volendo
1078 4158 1132 4221 vel
1145 4158 1394 4240 persuadendo,

716 4256 776 4319 sed
795 4256 895 4338 quasi
909 4256 1148 4338 permittendo.

292 4386 366 4463 368,
384 4386 437 4463 22,
454 4385 630 4472 rabjayavit
695 4379 909 4464 subjugavit,
924 4385 959 4443 et
970 4380 1037 4443 iter
1053 4398 1174 4444 versus
1199 4377 1394 4444 Londinum

715 4479 866 4561 dirigens
883 4486 1033 4542 castrum
1052 4480 1215 4544 Roffense
1238 4480 1273 4543 in
1294 4497 1392 4542 suam

716 4580 843 4661 recepit
863 4585 1081 4661 potestatem.
