3384 5625
667 813 867 862 eromenes
891 814 1026 863 viarm.
1329 799 1396 865 269

303 938 358 973 PAO.
379 936 432 973 ult.

293 997 368 1074 217,
387 1000 439 1073 24,
458 994 641 1060 Novembris
687 997 779 1061 adda
800 997 927 1074 Paris„
950 1008 1158 1081 consumpta
1175 1003 1322 1083 pecunia
1338 1003 1390 1065 in-

712 1097 821 1173 finita,
838 1104 874 1160 et
891 1098 1063 1162 nobilibus
1085 1100 1392 1165 innumerabilibus

713 1196 768 1259 vel
796 1196 900 1259 morti
925 1196 1028 1274 datis,
1055 1198 1111 1262 vel
1137 1200 1337 1265 infirmitate
1359 1210 1395 1264 et

713 1293 803 1357 inme
821 1296 1024 1373 attenuatis,
1042 1298 1095 1361 vel
1121 1297 1165 1361 ad
1196 1306 1390 1364 extremum

613 1440 617 1446 .
713 1393 864 1456 redactis
880 1402 1133 1476 paupertatem.

293 1552 344 1561 -
387 1512 583 1590 25‚adeam
691 1517 766 1596 regi
781 1517 932 1581 obviam.

294 1637 440 1711 220,16,
459 1635 643 1699 eoraitirsam
693 1639 881 1703 Isabellam
896 1639 1119 1705 comitissam.

294 1801 344 1811 -
388 1760 440 1834 22,
456 1758 545 1821 Maii
693 1762 785 1827 addit
809 1762 934 1839 Paris,
961 1762 1041 1826 Rex
1070 1772 1200 1842 autem,
1232 1767 1292 1848 qui
1318 1785 1396 1830 eum

716 1862 999 1925 indissolubiliter
1014 1862 1148 1942 dilexit,
1163 1884 1240 1928 cum
1253 1866 1327 1929 haec
1337 1884 1396 1928 an-

716 1961 804 2025 divit
832 1969 868 2025 et
899 1981 978 2025 eum
1012 1962 1155 2027 vidisset
1184 1983 1309 2046 corpus
1340 1964 1395 2027 de-

715 2059 825 2123 functi
841 2060 937 2142 palla
955 2070 1169 2143 coopertum,
1181 2083 1227 2126 ex
1238 2064 1310 2128 alto
1325 2070 1395 2126 tra-

715 2158 802 2222 hens
819 2160 969 2241 suspiria
986 2160 1048 2237 ait,
1065 2162 1182 2238 ‘Hen,
1200 2161 1267 2225 heu
1290 2161 1393 2226 mihi!

715 2277 829 2322 nonne
845 2258 957 2322 adhuc
979 2261 1117 2341 penitus
1134 2262 1328 2325 vindicatus
1343 2268 1397 2325 est

715 2358 859 2439 sanguis
875 2359 968 2431 beati
982 2360 1127 2424 Thomae
1142 2361 1305 2444 martyris
1314 2360 1341 2423 l'

295 2519 346 2531 -
389 2474 644 2589 2113311ῑεὶ..
693 2480 849 2544 latibulis
864 2481 948 2544 suis.

459 2598 475 2639 e
491 2596 630 2639 cavernas

295 2736 346 2746 —
390 2699 442 2775 26,
457 2697 632 2761 dakewrrea-
694 2702 781 2767 (least.

462 2795 543 2862 tilae

298 2926 372 2998 221,
389 2925 441 2998 32,
458 2943 630 2986 conerema-
695 2930 956 2989 concremarant
982 2931 1202 3002 memoratas,
1224 2924 1288 2988 sub
1315 2942 1399 2986 ana-

462 3030 646 3105 reamar-
718 3016 871 3087 themate
890 3022 1144 3087 concluserunt.

462 3128 619 3184 cassarent

298 3239 372 3321 223,
390 3247 443 3320 13,
458 3242 640 3307 aoanadiai
697 3261 766 3305 non
784 3248 866 3304 sunt
883 3240 1017 3303 famosa
1033 3258 1095 3303 nec
1113 3238 1240 3303 audivi.

297 3411 349 3422 -
391 3371 445 3446 25,
452 3366 618 3451 paulisper
697 3365 841 3446 quievit.

465 3466 591 3529 meavit

300 3595 376 3669 225,
394 3588 446 3668 17,
461 3590 593 3654 balaa
698 3604 816 3649 omnes
831 3583 968 3646 fratres.

456 3689 580 3774 fratris

301 3814 374 3890 226,
394 3815 447 3889 29,
465 3811 633 3896 Archime-
699 3807 786 3872 Erat
797 3823 946 3887 namque
961 3808 1106 3866 staturae
1124 3797 1402 3880 elegantissimae,

463 3932 569 3996 scopas
583 3932 639 3974 aa
721 3905 892 3970 facundiae
930 3899 1152 3976 admirabilis,
1185 3898 1329 3962 scientia
1366 3904 1401 3960 et

466 4019 525 4074 tem
722 4005 875 4067 moribus
889 3999 1178 4083 incomparabilis.
1216 3997 1263 4059 Et
1271 3996 1401 4075 allega·

722 4103 774 4166 vit
799 4120 862 4183 pro
891 4119 932 4161 eo
961 4116 1066 4160 causa
1084 4097 1183 4179 justa
1209 4101 1244 4158 et
1266 4094 1401 4157 favora-

722 4201 813 4265 bilis.
865 4193 1155 4275 Archiepiscopus
1177 4194 1284 4274 igitur
1309 4191 1401 4256 Can·

724 4296 908 4363 tuarieusis
927 4290 1133 4357 Richardns

303 4427 377 4507 227,
419 4433 449 4506 1,
466 4426 653 4492 ‹liem'elna-
701 4423 812 4486 obiter
825 4418 914 4482 diem
929 4415 1065 4491 clausit,
1077 4414 1112 4477 in
1124 4412 1225 4476 domo
1239 4412 1401 4477 Fratrum

466 4528 509 4590 sit
725 4520 901 4584 Minorum
919 4515 1024 4580 tertia
1038 4514 1131 4578 dieta
1141 4513 1229 4577 citra
1240 4511 1401 4576 Romam.
