3384 5625
326 782 369 847 82
699 797 899 845 ascalonus
927 796 1058 845 vnmm.

331 982 418 1046 sima
443 981 553 1045 traxit
582 980 761 1061 originem,
785 979 940 1044 fronduit
965 986 1002 1044 et
1026 978 1155 1057 floruit,
1181 977 1369 1062 floremque
1394 979 1455 1043 de.

332 1082 432 1162 virga
455 1080 478 1144 J
481 1099 557 1145 esse
582 1078 702 1156 edidit,
725 1099 830 1161 quam
857 1079 1109 1144 vaticinaverat
1134 1079 1269 1155 Esaiae,
1298 1086 1436 1162 partum

333 1182 465 1245 scilicet
481 1181 688 1262 incorruptae
708 1180 852 1261 virginis
876 1178 1051 1244 indicavit.
1105 1178 1192 1243 Cum
1216 1180 1346 1242 inimici
1370 1179 1439 1242 Dei

334 1299 499 1357 essemus,
525 1300 586 1363 per
611 1279 797 1344 adventum
820 1278 950 1343 Christi
973 1278 1184 1343 reconciliati
1202 1298 1334 1356 eumue,
1347 1278 1438 1343 siout

333 1380 503 1463 propheta
522 1380 745 1462 praedixerat,
769 1378 839 1441 ‘Et
862 1379 957 1461 pax,'
980 1380 1103 1461 inquit,
1121 1380 1274 1442 ‘orietur
1287 1379 1322 1441 in
1345 1385 1439 1441 terra

335 1480 416 1543 dum
428 1480 584 1544 venerit.'
622 1478 775 1559 Ideoque
786 1478 902 1559 angeli
918 1479 955 1541 in
965 1478 1073 1560 ipsius
1088 1479 1272 1542 nativitate
1289 1478 1439 1558 gloriose

335 1581 432 1661 pacis
462 1578 635 1643 canticum
660 1578 869 1655 cecinerunt,
890 1577 1037 1641 ‘Gloria
1060 1578 1097 1640 in
1110 1579 1268 1641 excelsis
1293 1578 1383 1653 Deo,
1405 1585 1441 1641 et

336 1679 371 1741 in
395 1687 489 1743 terra
511 1698 583 1761 pax
604 1677 798 1740 homiuibus
824 1679 924 1741 bonae
947 1678 1162 1742 voluntatis?
1208 1677 1312 1741 Nova
1334 1678 1440 1740 etiam

337 1779 439 1842 stella
466 1778 579 1859 magis
608 1778 792 1859 apparuit3
825 1784 942 1859 atque,
975 1776 1196 1841 historiarum
1230 1777 1441 1852 testimonio,

339 1877 461 1942 Romae
482 1878 560 1941 sons
589 1877 656 1941 olei
679 1876 722 1939 de
743 1884 836 1941 terra
854 1877 957 1940 fluxit
973 1877 1010 1939 in
1031 1876 1206 1960 Tyberim.
1258 1876 1442 1957 Templum

338 1979 455 2054 etiam,
472 1976 565 2059 quod
580 1975 675 2039 idola
689 1995 758 2039 non
774 1977 947 2039 ruiturum
968 1975 1203 2058 praedixerant
1219 1975 1328 2039 donec
1342 1976 1442 2058 virgo

338 2083 488 2159 pareret,
503 2075 623 2140 eadem
645 2081 746 2139 nocte
769 2075 924 2139 funditus
941 2076 1072 2140 corruit
1088 2076 1304 2160 dissipatum.
1356 2073 1444 2139 Pro·

341 2176 457 2240 batica
481 2194 619 2258 quoque
648 2174 792 2257 piscina,
820 2194 899 2258 quae
927 2174 1181 2259 Hierosolymis
1207 2182 1294 2253 erat,
1314 2175 1358 2238 ad
1381 2175 1444 2239 ad·

340 2282 483 2340 ventum
507 2274 624 2356 angeli
645 2275 776 2338 moveri
797 2282 832 2338 et
853 2275 987 2339 sanitas
1013 2274 1161 2339 conferri
1181 2276 1299 2357 coepit.
1331 2274 1445 2338 Vehe-

340 2374 551 2439 mentissime
577 2374 675 2437 nobis
699 2374 815 2439 nocuit
842 2382 943 2439 vetus
971 2374 1096 2450 Adam,
1126 2374 1187 2438 sed
1214 2373 1293 2457 plus
1315 2374 1445 2456 profuit

341 2474 441 2539 nobis
466 2493 589 2538 novus.
640 2472 802 2556 Amplius
828 2474 927 2537 nobis
952 2475 1100 2538 contulit
1125 2471 1228 2557 hujus
1255 2474 1445 2551 humilitas,

341 2594 445 2658 quam
475 2573 639 2655 superbia
669 2573 762 2637 illius
794 2574 998 2652 abstulerit3
1031 2593 1124 2651 nam,
1147 2572 1260 2637 Paulo
1284 2574 1445 2657 apostolo

342 2681 443 2752 teste,
461 2672 568 2738 ‘Non
588 2673 679 2737 sicut
700 2672 876 2751 delictum,
898 2674 949 2737 ita
971 2681 1006 2738 et
1025 2674 1152 2737 donum
1163 2673 1187 2749 ;'
1213 2674 1330 2738 damni
1354 2673 1445 2737 enim

341 2773 606 2839 aestimationem
633 2773 789 2838 beneficii
818 2773 1022 2856 magnitudo
1048 2773 1273 2839 transcendit.
1332 2771 1446 2853 Quem

342 2875 437 2957 prius
476 2874 658 2937 habuimus
688 2873 876 2937 terribilem
908 2874 1022 2938 Deum
1056 2882 1092 2938 et
1123 2874 1323 2949 Dominum,
1355 2892 1447 2937 nunc

342 2974 508 3037 habemus
531 2972 693 3035 humilem
714 2973 855 3036 fratrem
879 2980 914 3037 et
937 2973 1145 3056 proximum.
1197 2974 1356 3039 Christus
1382 2974 1449 3037 ita-

343 3092 411 3155 que
435 3091 571 3136 cursum
605 3071 827 3135 mortalitatis
856 3079 984 3136 nostrae
1010 3074 1206 3155 transigens
1229 3073 1267 3136 in
1293 3073 1384 3136 fame
1412 3080 1449 3136 et

344 3173 415 3250 siti,
430 3172 466 3235 in
482 3170 687 3235 lassitudine
705 3179 740 3235 et
753 3170 883 3248 dolore,
898 3172 979 3235 etin
995 3173 1164 3238 universis
1180 3173 1284 3258 hujus
1302 3172 1448 3236 miseriis

345 3273 439 3349 vitae,
470 3271 619 3336 traditus
642 3290 663 3334 a
689 3271 870 3354 discipulo,
896 3279 933 3336 et
957 3279 1123 3355 tanquam
1148 3273 1216 3337 vile
1240 3271 1449 3354 mancipium

345 3372 518 3447 venditus,
533 3371 741 3452 flagellatuS,
758 3380 960 3455 consputus,
977 3373 1086 3455 spinis
1099 3379 1296 3449 coronatus,
1312 3371 1449 3448 illusae,

344 3471 453 3538 clavis
473 3471 597 3535 affixus
622 3472 745 3554 stipiti,
769 3477 805 3535 et
826 3481 937 3536 morte
961 3473 1162 3556 turpissima
1187 3473 1448 3547 condemnatus,

345 3591 423 3655 quae
440 3591 510 3635 non
531 3571 658 3653 rapuit,
673 3571 787 3635 solvit.
840 3570 971 3653 Sponte
994 3578 1109 3635 autem
1132 3572 1235 3636 morti
1256 3591 1294 3635 se
1309 3569 1449 3647 obtulit,

346 3672 430 3753 quia
455 3670 491 3732 in
516 3669 711 3733 humilitate
732 3668 908 3744 sustinuit,
936 3668 1026 3734 sicut
1049 3671 1172 3735 Esaias
1195 3677 1451 3748 commemorat,

347 3769 420 3832 ‘In
449 3768 668 3844 humilitate,’
696 3769 821 3850 inquit,
852 3768 1045 3852 ‘judicium
1075 3770 1151 3855 ejus
1179 3771 1353 3835 sublatum
1385 3775 1450 3833 est·

345 3867 444 3932 Sicut
476 3885 588 3947 agnus
620 3867 664 3930 ad
700 3867 906 3931 occisionem
941 3868 1065 3933 ductus
1095 3878 1160 3947 est,
1192 3877 1227 3934 et
1254 3871 1345 3933 siout
1374 3868 1450 3933 ovis

346 3987 461 4033 coram
477 3966 642 4031 tondente
658 3963 772 4044 se,'sio
795 3987 865 4030 non
885 3969 1022 4050 aperuit
1039 3988 1077 4033 os
1097 3970 1221 4034 suum.'
1273 3966 1344 4047 Qui
1367 3987 1451 4048 ergo

347 4066 511 4150 puerulus
540 4085 562 4131 a
591 4066 690 4150 justo
726 4067 884 4132 Simeone
918 4069 1024 4132 semel
1059 4069 1196 4134 oblatus
1231 4068 1268 4131 in
1306 4067 1453 4149 Templo

347 4167 460 4232 fuerat
487 4168 523 4230 in
555 4175 709 4249 tempore
735 4166 822 4249 legis
851 4175 887 4232 et
910 4168 1179 4232 ceremoniarum
1204 4167 1453 4248 redemptione,

347 4287 410 4348 pro
433 4274 552 4330 nostra
573 4266 775 4330 liberatione
798 4267 835 4330 in
862 4285 965 4331 cruce
988 4286 1111 4330 manus
1133 4287 1215 4332 suas
1238 4268 1282 4331 ad
1309 4266 1453 4329 Patrem

347 4366 487 4439 levavit,
507 4364 614 4446 juxta
629 4365 715 4428 illud
738 4366 960 4444 Davidicum,
975 4371 985 4400 ‘
1001 4366 1160 4432 Elevatio
1181 4385 1344 4431 manuum
1360 4385 1454 4429 mea-

347 4484 423 4527 rum
443 4464 648 4527 sacrificium
664 4466 922 4547 vespertinum.’
975 4465 1032 4529 Sic
1054 4473 1183 4544 reatuS,
1210 4486 1312 4551 quem
1336 4462 1452 4528 Adam

348 4583 409 4646 per
424 4562 620 4646 superbiam
634 4564 720 4645 ligni
736 4564 964 4629 delectatione
978 4572 1214 4645 contraxerat,
1228 4565 1349 4630 mortis
1361 4583 1454 4628 ama-
