3384 5625
618 776 819 824 nncrrouns
845 778 978 827 vnnrn.
1285 768 1350 832 275

245 957 397 1039 stupido,
416 958 595 1022 consilinm
620 959 654 1021 in
681 958 746 1022 boc
768 960 915 1024 articulo
937 960 1120 1043 diligenter
1144 963 1345 1044 rogitantes

244 1056 429 1121 ‘Imminet
450 1056 541 1120 enim
563 1058 750 1139 periculum
775 1066 846 1122 tam
867 1079 912 1123 ex
937 1068 1035 1143 parte
1053 1062 1206 1126 ecclesiae
1233 1062 1346 1126 Mere-

244 1157 398 1221 tonensis
409 1176 513 1240 quam
528 1157 692 1234 civitatis,
704 1178 782 1222 eum
799 1177 868 1221 non
881 1160 992 1241 possit
1004 1160 1099 1225 furor
1113 1168 1220 1225 tantae
1237 1163 1345 1243 plebis

243 1255 447 1321 inordinatae
461 1264 497 1321 et
511 1256 700 1334 indomitae,
716 1258 799 1340 quin
816 1258 931 1323 omnia
945 1259 1143 1342 diriperent,
1160 1260 1344 1338 diruerent,

246 1376 309 1421 nec
333 1357 494 1438 sanguini
519 1364 711 1438 parcerent,
738 1356 938 1422 refraenari!
998 1358 1134 1437 Quibus
1164 1362 1344 1443 episcopus

244 1464 423 1521 cruentum
441 1456 528 1519 dans
548 1456 727 1520 consilium
745 1457 933 1539 respondit,
949 1458 1105 1522 ‘Durum
1120 1459 1211 1536 hinc,
1233 1459 1344 1522 dirum

244 1553 344 1635 inde3
377 1562 602 1620 veruntamen
627 1575 700 1638 prae
728 1547 898 1632 omnibus,
923 1564 963 1621 ut
984 1567 1193 1640 praeceptum
1217 1558 1345 1621 domini

245 1655 351 1718 vestri
368 1654 599 1738 adimpleatis»,
614 1656 757 1719 consulo
781 1656 878 1719 vobis
900 1656 1156 1721 indubitanter:
1206 1656 1256 1721 At
1278 1658 1345 1738 ipsi

244 1754 475 1836 obstupefacti
493 1755 536 1819 de
551 1754 614 1819 tali
627 1754 772 1819 consilio
787 1755 976 1838 episcopali
996 1757 1120 1839 coeptis
1138 1748 1345 1820 insistebant

246 1854 470 1931 tremebundi,
493 1874 596 1937 porro
613 1855 710 1937 plebs
731 1854 835 1919 avida
855 1855 1029 1937 praedictae
1044 1854 1205 1919 vindictae
1230 1854 1342 1919 inhia-

244 1954 305 2017 bat
319 1954 497 2033 sitienter3
524 1960 560 2018 et
573 1954 609 2016 in
621 1954 771 2018 crastino
786 1961 869 2018 ante
885 1955 996 2018 lucem
1014 1961 1181 2018 exeuntes
1197 1955 1240 2018 ab
1260 1955 1343 2017 urbe

244 2053 286 2115 ad
315 2052 439 2134 viginti
463 2054 571 2117 millia
601 2061 811 2118 armatorum
833 2072 953 2117 versus
980 2053 1197 2117 Meretonam
1215 2053 1345 2117 vexilla

243 2150 443 2216 direxerunt
472 2160 508 2217 et
540 2171 648 2230 arma,
678 2160 719 2216 ut
752 2151 953 2216 mandatum
991 2153 1123 2234 regium
1158 2171 1343 2235 proseque-

243 2258 362 2315 rentur
391 2251 525 2316 effectu.
588 2251 656 2316 Sed
690 2251 771 2314 dum
804 2251 880 2315 haec
909 2252 1043 2316 audiret
1075 2252 1343 2335 praenominatus

244 2349 438 2427 Hubertus,
460 2359 542 2416 ante
565 2350 677 2436 majus
704 2352 814 2415 altare
836 2369 875 2414 se
896 2351 931 2413 in
953 2352 1167 2415 orationibus
1191 2359 1343 2433 proster-

244 2469 328 2512 nens
359 2470 484 2533 corpus
515 2470 616 2514 suum
653 2460 689 2515 et
717 2450 867 2515 animam
902 2450 1113 2514 confidenter
1147 2451 1222 2514 Deo
1255 2470 1345 2514 com-

243 2549 430 2614 mendavit.
483 2550 628 2614 Interim
644 2549 723 2612 dum
739 2551 807 2614 iter
822 2557 965 2631 agerent
982 2551 1074 2614 cives
1099 2551 1234 2626 armati,
1257 2550 1344 2613 fren-

244 2648 364 2712 dentes
387 2649 423 2712 in
440 2648 651 2725 Hubertum,
670 2656 874 2730 suggestum
890 2648 954 2711 fult
974 2649 1047 2729 regi
1069 2668 1091 2712 a
1116 2650 1240 2712 comite
1258 2647 1342 2712 Ges-

243 2748 363 2825 trensi,
395 2748 499 2832 quod,
531 2749 561 2813 si
597 2746 702 2813 talem
737 2748 906 2813 excitaret
937 2747 1139 2812 seditionem
1173 2749 1209 2811 in
1237 2747 1342 2830 vulgo

242 2848 435 2912 irrationali
457 2856 492 2912 et
509 2855 684 2931 protervo,
705 2855 824 2930 posset
841 2867 902 2911 rex
923 2844 1055 2924 timere,
1072 2868 1115 2911 ne
1139 2847 1340 2911 seditionem

243 2948 348 3012 semel
375 2955 505 3012 motam
540 2948 662 3011 sedare
694 2967 762 3011 non
788 2947 918 3012 valeret
943 2967 1021 3012 cum
1054 2946 1177 3025 vellet;
1211 2945 1341 3010 dicere·

242 3055 368 3129 turque
400 3067 463 3129 per
494 3054 606 3111 totum
639 3048 768 3124 orbem,
799 3048 972 3129 praecipue
998 3045 1088 3110 inter
1120 3046 1274 3109 Francos
1306 3055 1342 3110 et

242 3146 342 3221 alios,
375 3147 436 3229 qui
469 3146 511 3209 de
544 3147 681 3228 magnis
714 3147 847 3230 majora
877 3147 1067 3228 loquuntur
1100 3154 1136 3209 et
1166 3145 1208 3209 de
1241 3145 1341 3208 malis

240 3245 374 3329 pejora,
395 3246 570 3310 invective
589 3253 624 3309 et
640 3266 703 3328 per
726 3245 882 3322 ironiam,
900 3245 1011 3308 ‘Ecce
1028 3244 1141 3325 qualis
1161 3252 1215 3308 est
1232 3245 1342 3307 alum-

244 3365 309 3409 nus
334 3345 476 3427 regulus
498 3345 650 3427 Angliae,
668 3345 728 3427 qui
755 3344 789 3407 in
815 3345 900 3421 suis,
915 3353 951 3408 et
975 3344 1011 3405 in
1027 3344 1081 3406 his
1097 3344 1156 3425 qui
1178 3363 1255 3406 eum
1276 3344 1341 3406 sub

242 3444 307 3508 alis
321 3445 528 3522 nutrierunt,
546 3444 645 3508 novit
662 3443 849 3508 desaevire?
895 3442 941 3506 Et
954 3442 1088 3505 dicatur
1105 3442 1148 3506 de
1165 3441 1339 3518 Huberto,

241 3544 333 3625 quod
351 3544 394 3608 de
411 3544 548 3609 avicula
563 3543 690 3607 dieitur
703 3542 864 3606 cuculum
878 3541 1062 3618 nutriente,

483 3701 568 3759 ‘Alis
582 3701 641 3759 ales
654 3701 715 3770 alis,
729 3701 816 3759 alium
829 3720 867 3758 ne
879 3701 991 3777 longius
1005 3699 1082 3756 ales?

242 3846 345 3910 Missi
366 3855 453 3910 sunt
469 3854 585 3911 autem
611 3846 679 3911 duo
706 3847 824 3911 aeditui
851 3845 895 3910 ad
919 3843 1148 3929 revocandum
1176 3843 1341 3924 populum

240 3946 445 4029 praedictum
471 3945 677 4010 catervatim
701 3953 858 4009 ruentem
885 3951 921 4008 et
942 3944 1143 4024 sanguinem
1167 3941 1341 4005 effundere

242 4046 459 4114 innocentem
476 4046 632 4109 sitienter
656 4050 911 4127 praeparatum;
934 4062 1079 4124 quorum
1099 4059 1201 4116 unus,
1221 4047 1341 4121 raptus

242 4164 331 4227 equo
348 4145 577 4221 velocissimo,
600 4144 718 4207 literas
740 4143 831 4224 regis
854 4141 1021 4218 deferens,
1045 4159 1163 4204 earum
1192 4139 1342 4203 auetori-

242 4250 314 4308 tate
338 4244 443 4309 etiam
469 4245 598 4329 primos
615 4242 810 4322 revocavit;
833 4242 922 4306 alter
945 4248 1061 4305 autem
1084 4239 1185 4302 fictus
1202 4245 1237 4302 et
1253 4238 1342 4302 frau-

241 4343 417 4421 dulentus,
446 4343 506 4427 qui
531 4344 610 4407 odio
636 4343 766 4407 habens
791 4342 951 4407 comitem
978 4339 1112 4405 Cantiae
1144 4338 1341 4403 Hubertum

240 4442 353 4524 ipsum
383 4443 548 4508 trucidari
576 4443 699 4507 maluit
723 4461 825 4525 quam
854 4441 1004 4518 liberari,
1033 4441 1114 4504 licet
1138 4439 1258 4523 jussus
1284 4459 1342 4504 ac-

241 4543 404 4622 celerare,
434 4551 559 4627 sponte
589 4543 743 4620 tardans
777 4562 839 4606 nee
868 4541 987 4623 attigit
1016 4539 1223 4617 mediocres3
1251 4539 1341 4603 unde

1188 4648 1204 4681 u
1221 4637 1237 4682 2
