3384 5625
352 742 416 806 172
721 760 922 807 nncrronns
945 760 1077 809 vanis.

353 950 388 1006 ct
409 940 479 1005 alia
499 949 632 1004 secreta
650 942 820 1006 revelavit
836 942 902 1005 sibi
918 962 940 1005 a
956 942 1050 1005 dicto
1066 940 1246 1005 admiralio
1269 941 1398 1006 collata
1420 950 1456 1006 et

352 1040 456 1118 dicta,
471 1040 632 1105 audiente
644 1041 828 1118 Matthaeo,
843 1042 903 1124 qui
917 1042 1036 1105 ethaeo
1053 1042 1193 1123 scripsit
1210 1049 1244 1105 et
1260 1043 1451 1105 enarravit.

462 1224 529 1287 Bac
543 1222 698 1287 solennes
713 1224 826 1308 copitot
839 1221 964 1306 Acylla
979 1243 1106 1307 raparum
1114 1222 1232 1305 papali·
1245 1224 1360 1287 ditioni

826 1320 978 1404 sulficere.

404 1437 543 1501 Extunc
565 1438 672 1518 igitur
696 1457 758 1500 rex
782 1436 961 1500 lohannes
992 1445 1268 1519 praeconceptum
1295 1440 1454 1520 proposi-

353 1544 427 1599 tum
449 1555 562 1613 suum,
587 1556 609 1601 a
634 1556 703 1618 quo
728 1536 873 1601 credidit
900 1536 1042 1612 resilire,
1067 1543 1102 1600 et
1122 1555 1219 1599 suam
1244 1536 1350 1620 coepit
1373 1557 1453 1601 con-

352 1636 516 1701 ditionem
537 1636 757 1712 deteriorare,
782 1642 818 1699 et
839 1635 1083 1699 deterioratam
1099 1636 1134 1698 in
1152 1637 1336 1717 perniciem
1353 1639 1451 1717 regni

353 1735 525 1815 solidare;
560 1736 679 1800 oderat
709 1736 836 1818 quippe
869 1736 967 1819 quasi
1000 1736 1095 1797 virus
1124 1735 1299 1817 vipereum
1333 1756 1452 1800 omnes

352 1836 450 1916 regni
475 1855 673 1916 generosos,
697 1836 870 1917 praecipue
893 1843 1009 1898 tamen
1042 1834 1183 1897 Saerum
1217 1834 1259 1898 de
1292 1834 1450 1919 Quency,

354 1934 546 1998 Robertum
566 1934 673 1998 filium
686 1934 846 2011 Walteri,
870 1942 905 1998 et
925 1933 1209 1997 cantuariensem
1226 1934 1454 2017 archiepisco-

352 2053 434 2116 pum
449 2033 674 2115 Stephanum.
722 2033 880 2098 Noverat
896 2041 1023 2108 autem,
1041 2040 1076 2097 et
1092 2033 1273 2115 multiplici
1287 2033 1452 2099 didicerat

353 2135 580 2216 experientia,
591 2133 682 2215 quod
700 2153 792 2215 papa
808 2153 913 2215 super
930 2152 1049 2197 omnes
1068 2133 1231 2195 mortales
1249 2134 1453 2197 ambitiosus

353 2241 428 2296 erat
453 2240 487 2297 et
514 2234 693 2314 superbus,
719 2234 944 2314 pecuniaeque
970 2232 1086 2295 sititor
1112 2231 1318 2295 insatiabilis
1344 2240 1380 2297 et
1408 2233 1451 2298 ad

354 2331 470 2396 omnia
498 2332 628 2395 seelera
654 2350 716 2413 pro
743 2333 894 2413 praemiis
918 2332 1009 2394 datis
1031 2333 1087 2394 vel
1114 2332 1293 2413 promissis
1316 2352 1452 2397 cereum

355 2438 390 2495 et
404 2431 608 2513 proclivum.
660 2430 780 2493 Missis
800 2431 908 2512 igitur
923 2431 987 2493 sub
1009 2431 1102 2494 omni
1127 2430 1348 2495 festinatione
1363 2453 1451 2496 nun·

352 2532 423 2609 tiis,
451 2550 612 2611 magnam
641 2529 794 2594 thesauri
818 2549 987 2593 summam
1011 2530 1076 2610 ipsi
1101 2532 1294 2594 transmisit
1315 2538 1351 2595 et
1372 2552 1452 2614 pro·

355 2632 448 2694 misit
465 2630 678 2711 ampliorem,
696 2629 950 2712 spoponditque
974 2647 1074 2692 suum
1100 2648 1138 2692 se
1163 2649 1239 2693 esse
1262 2638 1298 2694 et
1318 2650 1453 2713 semper

354 2730 426 2795 fore
442 2730 634 2814 subjectum
651 2723 885 2794 ¹tributarium
903 2749 944 2793 ea
960 2728 1166 2805 conditione,
1184 2735 1224 2791 ut
1244 2737 1349 2793 nacta
1371 2733 1451 2794 sub-

353 2831 460 2894 tiliter
480 2830 659 2894 occasione
680 2829 966 2894 cantuariensem
988 2829 1281 2910 archiepiscopum
1309 2830 1452 2894 confun-

353 2930 433 2993 dere
461 2931 640 3006 niteretur,
667 2937 702 2994 et
724 2931 870 2993 barones
897 2927 1048 3009 Angliae,
1073 2947 1161 3010 quos
1183 2929 1278 3010 prius
1304 2929 1451 3006 foverat,

353 3029 687 3108 excommunicaret3
712 3035 747 3092 et
770 3028 835 3091 hoc
859 3029 1017 3091 sitienter
1038 3027 1267 3105 desiderabat,
1284 3030 1374 3092 utin
1392 3050 1451 3094 ex·

352 3128 620 3192 communicatos
653 3127 917 3204 exhaeredandO,
948 3127 1208 3204 incarcerando,
1238 3134 1273 3191 et
1297 3128 1451 3192 necando

353 3235 470 3310 posset
500 3227 692 3309 malignari.
761 3226 851 3305 Quae
887 3227 994 3308 igitur
1024 3227 1182 3308 nequiter
1214 3228 1451 3306 subaraverat,

352 3328 509 3411 nequius
527 3335 567 3390 ut
580 3328 616 3391 in
629 3328 854 3410 sequentibus
871 3327 1015 3403 dicetur,
1032 3326 1205 3389 solidavit.

594 3511 662 3573 Iiec
678 3509 834 3574 solennes
849 3510 886 3573 da
893 3510 960 3591 fida
976 3508 1207 3572 inclamatione.

405 3623 537 3688 Diebus
564 3644 701 3706 quoque
729 3625 794 3687 sub
818 3624 945 3687 eisdem
971 3623 1056 3687 adeo
1081 3623 1273 3706 desipiebat
1301 3643 1363 3686 rex
1388 3624 1411 3700 J
1415 3643 1451 3688 o·

352 3725 496 3799 hanneS,
517 3731 557 3787 ut
578 3723 620 3786 de
643 3730 854 3786 mortuorum
879 3723 1126 3787 resurrectione
1152 3723 1282 3800 futura,
1310 3730 1346 3786 et
1374 3723 1450 3786 aliis

353 3822 455 3884 fidem
470 3820 701 3885 Christianam
718 3823 1009 3902 contingentibus,
1024 3823 1114 3886 male
1129 3823 1294 3901 sentiret3
1313 3829 1348 3886 et
1359 3843 1451 3904 quae-

355 3921 432 3983 dam
465 3921 688 3983 irreeitabilia
724 3921 853 3985 diceret
889 3921 1124 3998 deliramenta,
1162 3941 1308 4004 quorum
1346 3941 1451 3985 unum

354 4020 516 4084 duximus
530 4021 798 4084 memorandum.
852 4020 1008 4102 Contigit
1025 4028 1065 4084 ut
1080 4029 1208 4085 venatu
1227 4028 1331 4103 capto
1350 4041 1453 4085 cervo

354 4120 503 4202 quodam
534 4121 772 4203 pinguissimo,
805 4122 841 4183 in
865 4121 1049 4202 praesentia
1073 4121 1164 4201 regis
1190 4140 1268 4183 cum
1298 4122 1454 4184 excoria-

355 4227 461 4297 retur,
484 4241 546 4283 rex
569 4220 683 4284 ridens
706 4228 741 4284 et
759 4221 915 4284 deridens
938 4220 1078 4295 diceret,
1093 4224 1102 4252 ‘
1117 4219 1147 4282 Ο
1164 4239 1269 4300 quam
1290 4239 1453 4302 prospere

355 4319 443 4382 vixit
459 4319 537 4395 iste,
552 4339 728 4400 nunquam
743 4328 860 4383 tamen
877 4321 1016 4382 missam
1032 4318 1165 4382 audivit
1178 4316 1197 4382 !'

498 4539 702 4608 ¹Trilutorium.]
721 4545 892 4594 Tributarium
902 4550 928 4593 et
938 4545 1061 4594 vasallum
1073 4545 1260 4605 voluntarium
1280 4543 1310 4592 C.
