<?xml version="1.0" encoding="UTF-8"?>
<!DOCTYPE html PUBLIC "-//W3C//DTD XHTML 1.0 Transitional//EN"
    "http://www.w3.org/TR/xhtml1/DTD/xhtml1-transitional.dtd">
<html xmlns="http://www.w3.org/1999/xhtml" xml:lang="en" lang="en">
 <head>
  <title>
</title>
<meta http-equiv="Content-Type" content="text/html;charset=utf-8" />
  <meta name='ocr-system' content='tesseract 3.04.00' />
  <meta name='ocr-capabilities' content='ocr_page ocr_carea ocr_par ocr_line ocrx_word'/>
</head>
<body>
  <div class='ocr_page' id='page_1' title='image "./rogeridewendove00rogegoog_0186.png"; bbox 0 0 3384 5625; ppageno 0'>
   <div class='ocr_carea' id='block_1_1' title="bbox 293 786 1398 1171">
    <p class='ocr_par' dir='ltr' id='par_1_1' title="bbox 293 786 1023 852">
     <span class='ocr_line' id='line_1_1' title="bbox 293 786 1023 852; baseline 0.004 -5"><span class='ocrx_word' id='word_1_1' title='bbox 293 786 358 848; x_wconf 85' lang='grc'><strong>164</strong></span> <span class='ocrx_word' id='word_1_2' title='bbox 664 803 866 851; x_wconf 80' lang='lat' dir='ltr'><strong>nncrronns</strong></span> <span class='ocrx_word' id='word_1_3' title='bbox 890 802 1023 852; x_wconf 73' lang='lat' dir='ltr'><strong>viarm.</strong></span> 
     </span>
    </p>

    <p class='ocr_par' dir='ltr' id='par_1_2' title="bbox 305 926 438 963">
     <span class='ocr_line' id='line_1_2' title="bbox 305 926 438 963; baseline 0.015 -3"><span class='ocrx_word' id='word_1_4' title='bbox 305 926 361 962; x_wconf 74' lang='lat' dir='ltr'><strong>rto.</strong></span> <span class='ocrx_word' id='word_1_5' title='bbox 387 927 438 963; x_wconf 77' lang='grc' dir='ltr'><strong>ΗΝ.</strong></span> 
     </span>
    </p>

    <p class='ocr_par' dir='ltr' id='par_1_3' title="bbox 294 988 1398 1171">
     <span class='ocr_line' id='line_1_3' title="bbox 294 988 1398 1065; baseline 0.003 -16"><span class='ocrx_word' id='word_1_6' title='bbox 294 991 368 1065; x_wconf 90' lang='grc'>243,</span> <span class='ocrx_word' id='word_1_7' title='bbox 385 990 438 1064; x_wconf 89' lang='grc'>24,</span> <span class='ocrx_word' id='word_1_8' title='bbox 457 990 614 1054; x_wconf 74' lang='lat' dir='ltr'><strong>incarrere</strong></span> <span class='ocrx_word' id='word_1_9' title='bbox 694 990 983 1054; x_wconf 76' lang='lat' dir='ltr'><strong>exhaeredationis</strong></span> <span class='ocrx_word' id='word_1_10' title='bbox 997 989 1170 1053; x_wconf 88' lang='lat' dir='ltr'><strong>incurrere</strong></span> <span class='ocrx_word' id='word_1_11' title='bbox 1187 988 1398 1065; x_wconf 89' lang='lat' dir='ltr'><strong>viderentur,</strong></span> 
     </span>
     <span class='ocr_line' id='line_1_4' title="bbox 458 1088 1296 1171; baseline -0.004 -18"><span class='ocrx_word' id='word_1_12' title='bbox 458 1090 636 1153; x_wconf 72' lang='lat' dir='ltr'><strong>uiderentur</strong></span> <span class='ocrx_word' id='word_1_13' title='bbox 719 1090 911 1171; x_wconf 79' lang='lat' dir='ltr'>vulgariter</span> <span class='ocrx_word' id='word_1_14' title='bbox 926 1091 990 1153; x_wconf 93' lang='lat' dir='ltr'><strong>sub</strong></span> <span class='ocrx_word' id='word_1_15' title='bbox 1006 1090 1143 1153; x_wconf 89' lang='lat' dir='ltr'><strong>nomine</strong></span> <span class='ocrx_word' id='word_1_16' title='bbox 1161 1088 1296 1152; x_wconf 76' lang='lat' dir='ltr'><strong>felonis</strong></span> 
     </span>
    </p>
   </div>
   <div class='ocr_carea' id='block_1_2' title="bbox 294 1212 1397 1876">
    <p class='ocr_par' dir='ltr' id='par_1_4' title="bbox 294 1212 1397 1876">
     <span class='ocr_line' id='line_1_5' title="bbox 294 1212 1397 1297; baseline 0.002 -23"><span class='ocrx_word' id='word_1_17' title='bbox 294 1254 344 1264; x_wconf 91' lang='lat'><em>-</em></span> <span class='ocrx_word' id='word_1_18' title='bbox 389 1214 440 1289; x_wconf 91' lang='grc'>29,</span> <span class='ocrx_word' id='word_1_19' title='bbox 460 1212 632 1278; x_wconf 75' lang='lat' dir='ltr'><strong>abundarat</strong></span> <span class='ocrx_word' id='word_1_20' title='bbox 692 1212 785 1276; x_wconf 80' lang='lat' dir='ltr'><strong>addit</strong></span> <span class='ocrx_word' id='word_1_21' title='bbox 801 1213 929 1290; x_wconf 77' lang='lat' dir='ltr'><strong>Paris,</strong></span> <span class='ocrx_word' id='word_1_22' title='bbox 942 1213 1043 1278; x_wconf 85' lang='lat' dir='ltr'><strong>Tunc</strong></span> <span class='ocrx_word' id='word_1_23' title='bbox 1066 1214 1231 1297; x_wconf 89' lang='lat' dir='ltr'><strong>temporis</strong></span> <span class='ocrx_word' id='word_1_24' title='bbox 1257 1232 1397 1295; x_wconf 89' lang='lat' dir='ltr'><strong>quoque</strong></span> 
     </span>
     <span class='ocr_line' id='line_1_6' title="bbox 715 1313 1397 1396; baseline 0 -21"><span class='ocrx_word' id='word_1_25' title='bbox 715 1333 778 1376; x_wconf 89' lang='lat' dir='ltr'><strong>rex</strong></span> <span class='ocrx_word' id='word_1_26' title='bbox 788 1314 939 1396; x_wconf 86' lang='lat' dir='ltr'><strong>·vulpiua</strong></span> <span class='ocrx_word' id='word_1_27' title='bbox 963 1313 1151 1378; x_wconf 88' lang='lat' dir='ltr'><strong>calliditate</strong></span> <span class='ocrx_word' id='word_1_28' title='bbox 1175 1313 1219 1376; x_wconf 89' lang='lat' dir='ltr'><strong>ab</strong></span> <span class='ocrx_word' id='word_1_29' title='bbox 1237 1313 1397 1376; x_wconf 90' lang='lat' dir='ltr'><strong>omnibus</strong></span> 
     </span>
     <span class='ocr_line' id='line_1_7' title="bbox 716 1413 1397 1493; baseline 0 -19"><span class='ocrx_word' id='word_1_30' title='bbox 716 1413 955 1493; x_wconf 86' lang='lat' dir='ltr'><strong>religiosorum</strong></span> <span class='ocrx_word' id='word_1_31' title='bbox 982 1413 1139 1477; x_wconf 86' lang='lat' dir='ltr'>domibus</span> <span class='ocrx_word' id='word_1_32' title='bbox 1162 1413 1205 1475; x_wconf 86' lang='lat' dir='ltr'><strong>ad</strong></span> <span class='ocrx_word' id='word_1_33' title='bbox 1226 1431 1397 1475; x_wconf 88' lang='lat' dir='ltr'><strong>excusan-</strong></span> 
     </span>
     <span class='ocr_line' id='line_1_8' title="bbox 716 1511 1397 1595; baseline -0.003 -21"><span class='ocrx_word' id='word_1_34' title='bbox 716 1513 796 1575; x_wconf 93' lang='lat' dir='ltr'><strong>dum</strong></span> <span class='ocrx_word' id='word_1_35' title='bbox 814 1512 1057 1577; x_wconf 85' lang='lat' dir='ltr'><strong>excusationes</strong></span> <span class='ocrx_word' id='word_1_36' title='bbox 1075 1512 1278 1595; x_wconf 89' lang='lat' dir='ltr'><strong>inpeccatis</strong></span> <span class='ocrx_word' id='word_1_37' title='bbox 1296 1511 1397 1574; x_wconf 89' lang='lat' dir='ltr'><strong>char-</strong></span> 
     </span>
     <span class='ocr_line' id='line_1_9' title="bbox 716 1612 1396 1694; baseline -0.001 -20"><span class='ocrx_word' id='word_1_38' title='bbox 716 1620 771 1675; x_wconf 90' lang='lat' dir='ltr'><strong>tas</strong></span> <span class='ocrx_word' id='word_1_39' title='bbox 793 1612 923 1694; x_wconf 81' lang='lat' dir='ltr'>exegit,</span> <span class='ocrx_word' id='word_1_40' title='bbox 954 1614 1080 1694; x_wconf 89' lang='lat' dir='ltr'><strong>quibus</strong></span> <span class='ocrx_word' id='word_1_41' title='bbox 1108 1618 1331 1688; x_wconf 82' lang='lat' dir='ltr'><strong>testarentur,</strong></span> <span class='ocrx_word' id='word_1_42' title='bbox 1360 1630 1396 1673; x_wconf 92' lang='lat' dir='ltr'><strong>se</strong></span> 
     </span>
     <span class='ocr_line' id='line_1_10' title="bbox 716 1711 1397 1794; baseline 0 -21"><span class='ocrx_word' id='word_1_43' title='bbox 716 1713 825 1793; x_wconf 86' lang='lat' dir='ltr'><strong>gratis</strong></span> <span class='ocrx_word' id='word_1_44' title='bbox 842 1712 1040 1788; x_wconf 82' lang='lat' dir='ltr'><strong>contulisse,</strong></span> <span class='ocrx_word' id='word_1_45' title='bbox 1056 1731 1271 1794; x_wconf 88' lang='lat' dir='ltr'><strong>quaecunque</strong></span> <span class='ocrx_word' id='word_1_46' title='bbox 1285 1711 1330 1774; x_wconf 91' lang='lat' dir='ltr'><strong>ab</strong></span> <span class='ocrx_word' id='word_1_47' title='bbox 1348 1712 1397 1773; x_wconf 89' lang='lat' dir='ltr'><strong>eis</strong></span> 
     </span>
     <span class='ocr_line' id='line_1_11' title="bbox 716 1811 1057 1876; baseline -0.003 -2"><span class='ocrx_word' id='word_1_48' title='bbox 716 1811 886 1875; x_wconf 87' lang='lat' dir='ltr'><strong>violenter</strong></span> <span class='ocrx_word' id='word_1_49' title='bbox 899 1814 1057 1876; x_wconf 88' lang='lat' dir='ltr'><strong>extorsit.</strong></span> 
     </span>
    </p>
   </div>
   <div class='ocr_carea' id='block_1_3' title="bbox 296 1934 893 2143">
    <p class='ocr_par' dir='ltr' id='par_1_5' title="bbox 296 1934 893 2143">
     <span class='ocr_line' id='line_1_12' title="bbox 296 1934 893 2019; baseline 0.003 -21"><span class='ocrx_word' id='word_1_50' title='bbox 296 1938 371 2012; x_wconf 87' lang='grc'>244,</span> <span class='ocrx_word' id='word_1_51' title='bbox 388 1939 441 2012; x_wconf 88' lang='grc'><strong>20,</strong></span> <span class='ocrx_word' id='word_1_52' title='bbox 456 1934 627 2019; x_wconf 70' lang='lat' dir='ltr'><strong>caelipotens</strong></span> <span class='ocrx_word' id='word_1_53' title='bbox 694 1936 893 2000; x_wconf 77' lang='lat' dir='ltr'><strong>adornatas</strong></span> 
     </span>
     <span class='ocr_line' id='line_1_13' title="bbox 296 2059 799 2143; baseline -0.002 -19"><span class='ocrx_word' id='word_1_54' title='bbox 296 2062 371 2135; x_wconf 87' lang='grc'>246,</span> <span class='ocrx_word' id='word_1_55' title='bbox 387 2063 440 2134; x_wconf 89' lang='grc'><strong>28,</strong></span> <span class='ocrx_word' id='word_1_56' title='bbox 449 2059 546 2143; x_wconf 81' lang='lat' dir='ltr'><strong>jussit</strong></span> <span class='ocrx_word' id='word_1_57' title='bbox 694 2059 799 2123; x_wconf 89' lang='lat' dir='ltr'><strong>misit.</strong></span> 
     </span>
    </p>
   </div>
   <div class='ocr_carea' id='block_1_4' title="bbox 296 2182 812 2345">
    <p class='ocr_par' dir='ltr' id='par_1_6' title="bbox 296 2182 812 2345">
     <span class='ocr_line' id='line_1_14' title="bbox 296 2182 812 2260; baseline 0.002 -14"><span class='ocrx_word' id='word_1_58' title='bbox 296 2188 369 2259; x_wconf 88' lang='grc'>249,</span> <span class='ocrx_word' id='word_1_59' title='bbox 409 2188 441 2260; x_wconf 91' lang='grc'><strong>3,</strong></span> <span class='ocrx_word' id='word_1_60' title='bbox 455 2192 482 2245; x_wconf 78' lang='lat' dir='ltr'><strong>at</strong></span> <span class='ocrx_word' id='word_1_61' title='bbox 494 2182 645 2247; x_wconf 82' lang='lat' dir='ltr'><strong>mandan-</strong></span> <span class='ocrx_word' id='word_1_62' title='bbox 693 2183 812 2247; x_wconf 75' lang='lat' dir='ltr'><strong>desunt.</strong></span> 
     </span>
     <span class='ocr_line' id='line_1_15' title="bbox 462 2281 541 2345; baseline 0.013 -1"><span class='ocrx_word' id='word_1_63' title='bbox 462 2281 541 2345; x_wconf 79' lang='lat' dir='ltr'><strong>tibus</strong></span> 
     </span>
    </p>
   </div>
   <div class='ocr_carea' id='block_1_5' title="bbox 297 2402 1401 4058">
    <p class='ocr_par' dir='ltr' id='par_1_7' title="bbox 297 2402 1401 4058">
     <span class='ocr_line' id='line_1_16' title="bbox 297 2402 1398 2487; baseline 0.002 -22"><span class='ocrx_word' id='word_1_64' title='bbox 297 2406 570 2487; x_wconf 80' lang='lat' dir='ltr'><strong>252,15,quart0</strong></span> <span class='ocrx_word' id='word_1_65' title='bbox 694 2402 786 2465; x_wconf 80' lang='lat' dir='ltr'><strong>addit</strong></span> <span class='ocrx_word' id='word_1_66' title='bbox 814 2402 938 2479; x_wconf 83' lang='lat' dir='ltr'><strong>Paris,</strong></span> <span class='ocrx_word' id='word_1_67' title='bbox 967 2403 1036 2467; x_wconf 91' lang='lat' dir='ltr'><strong>Per</strong></span> <span class='ocrx_word' id='word_1_68' title='bbox 1059 2404 1149 2467; x_wconf 88' lang='lat' dir='ltr'><strong>idem</strong></span> <span class='ocrx_word' id='word_1_69' title='bbox 1174 2411 1310 2486; x_wconf 92' lang='lat' dir='ltr'><strong>tempus</strong></span> <span class='ocrx_word' id='word_1_70' title='bbox 1336 2424 1398 2467; x_wconf 86' lang='lat' dir='ltr'><strong>rex</strong></span> 
     </span>
     <span class='ocr_line' id='line_1_17' title="bbox 716 2502 1397 2585; baseline 0 -20"><span class='ocrx_word' id='word_1_71' title='bbox 716 2502 740 2565; x_wconf 86' lang='lat' dir='ltr'><strong>J</strong></span> <span class='ocrx_word' id='word_1_72' title='bbox 743 2502 907 2578; x_wconf 78' lang='lat' dir='ltr'><strong>ohanneS,</strong></span> <span class='ocrx_word' id='word_1_73' title='bbox 922 2521 1070 2585; x_wconf 81' lang='lat' dir='ltr'><strong>arguens</strong></span> <span class='ocrx_word' id='word_1_74' title='bbox 1086 2503 1278 2566; x_wconf 89' lang='lat' dir='ltr'><strong>Robertum</strong></span> <span class='ocrx_word' id='word_1_75' title='bbox 1289 2503 1397 2566; x_wconf 91' lang='lat' dir='ltr'><strong>filium</strong></span> 
     </span>
     <span class='ocr_line' id='line_1_18' title="bbox 717 2602 1398 2685; baseline -0.001 -19"><span class='ocrx_word' id='word_1_76' title='bbox 717 2602 865 2666; x_wconf 90' lang='lat' dir='ltr'><strong>Walteri</strong></span> <span class='ocrx_word' id='word_1_77' title='bbox 897 2602 1100 2685; x_wconf 86' lang='lat' dir='ltr'><strong>proditionis</strong></span> <span class='ocrx_word' id='word_1_78' title='bbox 1126 2609 1161 2665; x_wconf 90' lang='lat' dir='ltr'><strong>et</strong></span> <span class='ocrx_word' id='word_1_79' title='bbox 1188 2602 1398 2679; x_wconf 73' lang='lat' dir='ltr'><strong>rebellioniS,</strong></span> 
     </span>
     <span class='ocr_line' id='line_1_19' title="bbox 719 2702 1398 2785; baseline 0 -20"><span class='ocrx_word' id='word_1_80' title='bbox 719 2710 873 2766; x_wconf 88' lang='lat' dir='ltr'><strong>sternere</strong></span> <span class='ocrx_word' id='word_1_81' title='bbox 908 2703 989 2766; x_wconf 83' lang='lat' dir='ltr'><strong>fecit</strong></span> <span class='ocrx_word' id='word_1_82' title='bbox 1028 2710 1179 2766; x_wconf 87' lang='lat' dir='ltr'><strong>castrum</strong></span> <span class='ocrx_word' id='word_1_83' title='bbox 1220 2702 1398 2785; x_wconf 87' lang='lat' dir='ltr'><strong>Baynardi</strong></span> 
     </span>
     <span class='ocr_line' id='line_1_20' title="bbox 719 2802 1398 2867; baseline 0.004 -3"><span class='ocrx_word' id='word_1_84' title='bbox 719 2802 938 2866; x_wconf 89' lang='lat' dir='ltr'><strong>Londinense</strong></span> <span class='ocrx_word' id='word_1_85' title='bbox 961 2803 995 2864; x_wconf 93' lang='lat' dir='ltr'><strong>in</strong></span> <span class='ocrx_word' id='word_1_86' title='bbox 1016 2802 1167 2866; x_wconf 89' lang='lat' dir='ltr'><strong>crastino</strong></span> <span class='ocrx_word' id='word_1_87' title='bbox 1194 2803 1307 2866; x_wconf 90' lang='lat' dir='ltr'><strong>sancti</strong></span> <span class='ocrx_word' id='word_1_88' title='bbox 1331 2802 1398 2867; x_wconf 93' lang='lat' dir='ltr'><strong>Hi·</strong></span> 
     </span>
     <span class='ocr_line' id='line_1_21' title="bbox 717 2902 1398 2983; baseline 0.001 -20"><span class='ocrx_word' id='word_1_89' title='bbox 717 2902 806 2977; x_wconf 86' lang='lat' dir='ltr'><strong>larii,</strong></span> <span class='ocrx_word' id='word_1_90' title='bbox 846 2921 907 2983; x_wconf 85' lang='lat' dir='ltr'><strong>per</strong></span> <span class='ocrx_word' id='word_1_91' title='bbox 938 2922 1059 2965; x_wconf 91' lang='lat' dir='ltr'><strong>manus</strong></span> <span class='ocrx_word' id='word_1_92' title='bbox 1095 2902 1398 2978; x_wconf 89' lang='lat' dir='ltr'><strong>Loudonieusium,</strong></span> 
     </span>
     <span class='ocr_line' id='line_1_22' title="bbox 717 3000 1398 3072; baseline 0.006 -12"><span class='ocrx_word' id='word_1_93' title='bbox 717 3000 849 3062; x_wconf 90' lang='lat' dir='ltr'><strong>scilicet</strong></span> <span class='ocrx_word' id='word_1_94' title='bbox 870 3001 925 3062; x_wconf 93' lang='lat' dir='ltr'><strong>die</strong></span> <span class='ocrx_word' id='word_1_95' title='bbox 942 3000 1060 3065; x_wconf 90' lang='lat' dir='ltr'><strong>Lunae.</strong></span> <span class='ocrx_word' id='word_1_96' title='bbox 1101 3002 1181 3072; x_wconf 69' lang='lat' dir='ltr'><strong>,Die</strong></span> <span class='ocrx_word' id='word_1_97' title='bbox 1197 3021 1279 3065; x_wconf 89' lang='lat' dir='ltr'><strong>vero</strong></span> <span class='ocrx_word' id='word_1_98' title='bbox 1295 3002 1318 3065; x_wconf 87' lang='lat' dir='ltr'><strong>J</strong></span> <span class='ocrx_word' id='word_1_99' title='bbox 1322 3003 1398 3066; x_wconf 88' lang='lat' dir='ltr'><strong>ovis</strong></span> 
     </span>
     <span class='ocr_line' id='line_1_23' title="bbox 718 3100 1398 3182; baseline 0.006 -22"><span class='ocrx_word' id='word_1_100' title='bbox 718 3100 874 3181; x_wconf 87' lang='lat' dir='ltr'><strong>proxime</strong></span> <span class='ocrx_word' id='word_1_101' title='bbox 899 3101 1057 3182; x_wconf 86' lang='lat' dir='ltr'><strong>sequenti</strong></span> <span class='ocrx_word' id='word_1_102' title='bbox 1084 3100 1263 3177; x_wconf 75' lang='lat' dir='ltr'><strong>NicolauS,</strong></span> <span class='ocrx_word' id='word_1_103' title='bbox 1285 3100 1398 3164; x_wconf 84' lang='lat' dir='ltr'><strong>Thus·</strong></span> 
     </span>
     <span class='ocr_line' id='line_1_24' title="bbox 719 3199 1398 3280; baseline 0.003 -19"><span class='ocrx_word' id='word_1_104' title='bbox 719 3199 864 3262; x_wconf 88' lang='lat' dir='ltr'><strong>culanus</strong></span> <span class='ocrx_word' id='word_1_105' title='bbox 890 3201 1083 3280; x_wconf 74' lang='lat' dir='ltr'><strong>episcopuS,</strong></span> <span class='ocrx_word' id='word_1_106' title='bbox 1108 3199 1244 3280; x_wconf 82' lang='lat' dir='ltr'><strong>legatus</strong></span> <span class='ocrx_word' id='word_1_107' title='bbox 1268 3200 1303 3263; x_wconf 93' lang='lat' dir='ltr'><strong>iu</strong></span> <span class='ocrx_word' id='word_1_108' title='bbox 1321 3199 1398 3265; x_wconf 86' lang='lat' dir='ltr'><strong>An-</strong></span> 
     </span>
     <span class='ocr_line' id='line_1_25' title="bbox 719 3297 1397 3381; baseline 0.006 -22"><span class='ocrx_word' id='word_1_109' title='bbox 719 3297 824 3378; x_wconf 85' lang='lat' dir='ltr'><strong>gliam</strong></span> <span class='ocrx_word' id='word_1_110' title='bbox 863 3300 969 3375; x_wconf 88' lang='lat' dir='ltr'><strong>venit,</strong></span> <span class='ocrx_word' id='word_1_111' title='bbox 1008 3300 1172 3362; x_wconf 88' lang='lat' dir='ltr'><strong>accedens</strong></span> <span class='ocrx_word' id='word_1_112' title='bbox 1208 3300 1320 3381; x_wconf 88' lang='lat' dir='ltr'><strong>primo</strong></span> <span class='ocrx_word' id='word_1_113' title='bbox 1354 3301 1397 3364; x_wconf 88' lang='lat' dir='ltr'><strong>ad</strong></span> 
     </span>
     <span class='ocr_line' id='line_1_26' title="bbox 718 3398 1399 3476; baseline 0.004 -16"><span class='ocrx_word' id='word_1_114' title='bbox 718 3398 1088 3476; x_wconf 68' lang='lat' dir='ltr'><strong>westmonasterium</strong></span> <span class='ocrx_word' id='word_1_115' title='bbox 1119 3406 1166 3475; x_wconf 91' lang='lat' dir='ltr'><strong>et,</strong></span> <span class='ocrx_word' id='word_1_116' title='bbox 1186 3419 1317 3462; x_wconf 85' lang='lat' dir='ltr'><strong>moram</strong></span> <span class='ocrx_word' id='word_1_117' title='bbox 1333 3400 1399 3463; x_wconf 93' lang='lat' dir='ltr'><strong>ibi·</strong></span> 
     </span>
     <span class='ocr_line' id='line_1_27' title="bbox 719 3497 1398 3580; baseline 0.003 -21"><span class='ocrx_word' id='word_1_118' title='bbox 719 3497 796 3560; x_wconf 91' lang='lat' dir='ltr'><strong>dem</strong></span> <span class='ocrx_word' id='word_1_119' title='bbox 829 3498 958 3561; x_wconf 83' lang='lat' dir='ltr'><strong>faciens</strong></span> <span class='ocrx_word' id='word_1_120' title='bbox 995 3517 1056 3580; x_wconf 90' lang='lat' dir='ltr'><strong>per</strong></span> <span class='ocrx_word' id='word_1_121' title='bbox 1089 3499 1278 3562; x_wconf 89' lang='lat' dir='ltr'><strong>octodecim</strong></span> <span class='ocrx_word' id='word_1_122' title='bbox 1311 3499 1398 3576; x_wconf 83' lang='lat' dir='ltr'><strong>dies,</strong></span> 
     </span>
     <span class='ocr_line' id='line_1_28' title="bbox 718 3596 1397 3675; baseline 0.007 -18"><span class='ocrx_word' id='word_1_123' title='bbox 718 3596 919 3675; x_wconf 83' lang='lat' dir='ltr'><strong>diligentem</strong></span> <span class='ocrx_word' id='word_1_124' title='bbox 943 3604 1131 3660; x_wconf 90' lang='lat' dir='ltr'><strong>tractatum</strong></span> <span class='ocrx_word' id='word_1_125' title='bbox 1165 3597 1286 3662; x_wconf 87' lang='lat' dir='ltr'><strong>habuit</strong></span> <span class='ocrx_word' id='word_1_126' title='bbox 1319 3618 1397 3662; x_wconf 94' lang='lat' dir='ltr'><strong>cum</strong></span> 
     </span>
     <span class='ocr_line' id='line_1_29' title="bbox 720 3696 1398 3777; baseline 0.004 -20"><span class='ocrx_word' id='word_1_127' title='bbox 720 3703 892 3757; x_wconf 88' lang='lat' dir='ltr'><strong>conventu</strong></span> <span class='ocrx_word' id='word_1_128' title='bbox 912 3697 1020 3777; x_wconf 92' lang='lat' dir='ltr'><strong>ipsius</strong></span> <span class='ocrx_word' id='word_1_129' title='bbox 1042 3697 1195 3760; x_wconf 89' lang='lat' dir='ltr'><strong>ecclesiae</strong></span> <span class='ocrx_word' id='word_1_130' title='bbox 1222 3696 1265 3760; x_wconf 92' lang='lat' dir='ltr'><strong>de</strong></span> <span class='ocrx_word' id='word_1_131' title='bbox 1290 3697 1398 3762; x_wconf 85' lang='lat' dir='ltr'><strong>refor-</strong></span> 
     </span>
     <span class='ocr_line' id='line_1_30' title="bbox 719 3793 1399 3878; baseline 0.01 -24"><span class='ocrx_word' id='word_1_132' title='bbox 719 3793 870 3856; x_wconf 90' lang='lat' dir='ltr'><strong>matione</strong></span> <span class='ocrx_word' id='word_1_133' title='bbox 897 3795 1128 3875; x_wconf 84' lang='lat' dir='ltr'><strong>spiritualium</strong></span> <span class='ocrx_word' id='word_1_134' title='bbox 1163 3803 1198 3858; x_wconf 87' lang='lat' dir='ltr'><strong>et</strong></span> <span class='ocrx_word' id='word_1_135' title='bbox 1225 3803 1399 3878; x_wconf 90' lang='lat' dir='ltr'><strong>tempora-</strong></span> 
     </span>
     <span class='ocr_line' id='line_1_31' title="bbox 719 3891 1400 3977; baseline 0.01 -25"><span class='ocrx_word' id='word_1_136' title='bbox 719 3891 814 3953; x_wconf 91' lang='lat' dir='ltr'><strong>lium.</strong></span> <span class='ocrx_word' id='word_1_137' title='bbox 869 3892 967 3955; x_wconf 90' lang='lat' dir='ltr'><strong>Idem</strong></span> <span class='ocrx_word' id='word_1_138' title='bbox 998 3915 1078 3959; x_wconf 87' lang='lat' dir='ltr'><strong>vero</strong></span> <span class='ocrx_word' id='word_1_139' title='bbox 1108 3895 1200 3977; x_wconf 89' lang='lat' dir='ltr'><strong>apud</strong></span> <span class='ocrx_word' id='word_1_140' title='bbox 1227 3894 1400 3960; x_wconf 86' lang='lat' dir='ltr'><strong>Evesham</strong></span> 
     </span>
     <span class='ocr_line' id='line_1_32' title="bbox 719 3991 1401 4058; baseline 0.009 -6"><span class='ocrx_word' id='word_1_141' title='bbox 719 3991 756 4052; x_wconf 90' lang='lat' dir='ltr'><strong>in</strong></span> <span class='ocrx_word' id='word_1_142' title='bbox 781 3991 871 4055; x_wconf 90' lang='lat' dir='ltr'><strong>sesto</strong></span> <span class='ocrx_word' id='word_1_143' title='bbox 902 3996 1013 4057; x_wconf 90' lang='lat' dir='ltr'><strong>sancti</strong></span> <span class='ocrx_word' id='word_1_144' title='bbox 1038 3994 1233 4057; x_wconf 91' lang='lat' dir='ltr'><strong>Eadmundi</strong></span> <span class='ocrx_word' id='word_1_145' title='bbox 1257 3996 1401 4058; x_wconf 89' lang='lat' dir='ltr'><strong>veniens</strong></span> 
     </span>
    </p>
   </div>
   <div class='ocr_carea' id='block_1_6' title="bbox 720 4090 1401 4672">
    <p class='ocr_par' dir='ltr' id='par_1_8' title="bbox 720 4090 1401 4672">
     <span class='ocr_line' id='line_1_33' title="bbox 721 4090 1401 4176; baseline 0.007 -23"><span class='ocrx_word' id='word_1_146' title='bbox 721 4090 911 4172; x_wconf 84' lang='lat' dir='ltr'><strong>Rogerum,</strong></span> <span class='ocrx_word' id='word_1_147' title='bbox 938 4093 1091 4176; x_wconf 88' lang='lat' dir='ltr'><strong>ejusdem</strong></span> <span class='ocrx_word' id='word_1_148' title='bbox 1117 4093 1271 4157; x_wconf 86' lang='lat' dir='ltr'><strong>ecclesiae</strong></span> <span class='ocrx_word' id='word_1_149' title='bbox 1294 4095 1401 4158; x_wconf 87' lang='lat' dir='ltr'><strong>abba-</strong></span> 
     </span>
     <span class='ocr_line' id='line_1_34' title="bbox 722 4193 1401 4275; baseline 0.009 -23"><span class='ocrx_word' id='word_1_150' title='bbox 722 4197 803 4267; x_wconf 90' lang='lat' dir='ltr'><strong>tem,</strong></span> <span class='ocrx_word' id='word_1_151' title='bbox 825 4193 1017 4255; x_wconf 86' lang='lat' dir='ltr'><strong>manifestis</strong></span> <span class='ocrx_word' id='word_1_152' title='bbox 1037 4212 1081 4255; x_wconf 89' lang='lat' dir='ltr'><strong>ex</strong></span> <span class='ocrx_word' id='word_1_153' title='bbox 1098 4194 1213 4256; x_wconf 90' lang='lat' dir='ltr'><strong>causis</strong></span> <span class='ocrx_word' id='word_1_154' title='bbox 1228 4193 1401 4275; x_wconf 91' lang='lat' dir='ltr'><strong>deposuit,</strong></span> 
     </span>
     <span class='ocr_line' id='line_1_35' title="bbox 720 4291 1401 4375; baseline 0.01 -25"><span class='ocrx_word' id='word_1_155' title='bbox 720 4292 932 4356; x_wconf 90' lang='lat' dir='ltr'><strong>substituens</strong></span> <span class='ocrx_word' id='word_1_156' title='bbox 942 4292 989 4354; x_wconf 93' lang='lat' dir='ltr'><strong>ibi</strong></span> <span class='ocrx_word' id='word_1_157' title='bbox 1005 4291 1240 4374; x_wconf 88' lang='lat' dir='ltr'><strong>Radulphum,</strong></span> <span class='ocrx_word' id='word_1_158' title='bbox 1251 4293 1401 4375; x_wconf 91' lang='lat' dir='ltr'><strong>priorem</strong></span> 
     </span>
     <span class='ocr_line' id='line_1_36' title="bbox 720 4390 1400 4475; baseline 0.006 -23"><span class='ocrx_word' id='word_1_159' title='bbox 720 4390 1008 4471; x_wconf 85' lang='lat' dir='ltr'><strong>Wigorniensem.</strong></span> <span class='ocrx_word' id='word_1_160' title='bbox 1028 4391 1155 4455; x_wconf 90' lang='lat' dir='ltr'><strong>Eodem</strong></span> <span class='ocrx_word' id='word_1_161' title='bbox 1166 4412 1304 4475; x_wconf 91' lang='lat' dir='ltr'><strong>quoque</strong></span> <span class='ocrx_word' id='word_1_162' title='bbox 1316 4399 1400 4456; x_wconf 89' lang='lat' dir='ltr'><strong>tem·</strong></span> 
     </span>
     <span class='ocr_line' id='line_1_37' title="bbox 721 4489 1401 4572; baseline 0.006 -19"><span class='ocrx_word' id='word_1_163' title='bbox 721 4509 804 4572; x_wconf 92' lang='lat' dir='ltr'><strong>pore</strong></span> <span class='ocrx_word' id='word_1_164' title='bbox 833 4491 918 4553; x_wconf 91' lang='lat' dir='ltr'><strong>obiit</strong></span> <span class='ocrx_word' id='word_1_165' title='bbox 946 4489 1135 4555; x_wconf 87' lang='lat' dir='ltr'><strong>Gaufridus</strong></span> <span class='ocrx_word' id='word_1_166' title='bbox 1169 4491 1260 4555; x_wconf 85' lang='lat' dir='ltr'><strong>lilius</strong></span> <span class='ocrx_word' id='word_1_167' title='bbox 1290 4492 1401 4570; x_wconf 91' lang='lat' dir='ltr'><strong>Petri,</strong></span> 
     </span>
     <span class='ocr_line' id='line_1_38' title="bbox 720 4586 1093 4672; baseline 0.003 -21"><span class='ocrx_word' id='word_1_168' title='bbox 720 4586 859 4668; x_wconf 83' lang='lat' dir='ltr'><strong>Angliae</strong></span> <span class='ocrx_word' id='word_1_169' title='bbox 872 4589 1093 4672; x_wconf 74' lang='lat' dir='ltr'><strong>justitiarius,</strong></span> 
     </span>
    </p>
   </div>
   <div class='ocr_carea' id='block_1_7' title="bbox 0 0 1705 5625">
    <p class='ocr_par' dir='ltr' id='par_1_9' title="bbox 0 0 1705 5625">
     <span class='ocr_line' id='line_1_39' title="bbox 0 0 1705 5625; baseline 0 0"><span class='ocrx_word' id='word_1_170' title='bbox 0 0 1705 5625; x_wconf 95' lang='lat' dir='ltr'><strong> </strong></span> 
     </span>
    </p>
   </div>
  </div>
 </body>
</html>
