3384 5625
345 776 368 839 2
718 793 918 841 nncrronns
945 793 1079 841 vnnrn.

345 973 536 1056 ignominia
555 973 779 1038 recitabitur)
826 973 877 1037 Ut
900 973 1007 1055 igitur
1033 992 1272 1062 perversorum
1291 971 1448 1037 deviten-

346 1082 404 1137 tur
416 1092 568 1155 gressus,
579 1074 759 1149 bonorum,
776 1092 921 1156 quornm
938 1080 1037 1156 gesta
1052 1072 1449 1155 describimus,vestigia

346 1193 532 1257 sequamur
560 1173 781 1255 pedetentim,
809 1191 888 1236 ecce
914 1173 1046 1237 fructus
1077 1174 1337 1255 scripturarum,
1367 1192 1448 1237 ecce

346 1273 525 1356 speculum
556 1271 716 1336 humanae
747 1272 972 1338 conditionis!
1035 1273 1115 1336 Hac
1145 1273 1187 1337 de
1220 1292 1336 1349 causa,
1366 1272 1449 1336 licet

227 1370 230 1374 ’
347 1373 425 1436 aliae
446 1392 515 1436 non
532 1372 657 1448 desint,
675 1371 817 1454 Moyses
834 1371 1014 1453 legislator
1033 1374 1069 1436 in
1084 1371 1206 1436 Veteri
1221 1372 1448 1437 Testamento

346 1472 578 1537 innocentiam
608 1469 711 1547 Abel,
744 1470 910 1534 invidiam
943 1471 1044 1550 Cain,
1073 1472 1292 1536 dolositatem
1322 1470 1448 1549 Jacob,

349 1571 595 1653 negligentiam
631 1569 737 1649 Esau,
773 1571 1028 1652 simplicitatem
1066 1571 1089 1635 J
1093 1573 1148 1649 ob,
1184 1572 1352 1637 malitiam
1383 1590 1449 1634 un-

348 1670 457 1734 decim
496 1670 643 1733 filiorum
683 1669 806 1746 Israel,
843 1670 1032 1735 bonitatem
1074 1671 1278 1749 duodecimi,
1317 1670 1449 1734 scilicet

350 1769 495 1853 Josepb,
523 1789 663 1852 poenam
684 1770 836 1851 quinque
861 1770 1053 1847 civitatum,
1076 1772 1315 1853 poenitentiam
1344 1769 1447 1833 Nini·

350 1869 509 1946 vitarum,
540 1868 740 1933 manifestat
767 1876 802 1934 et
826 1870 1006 1951 scripturis
1032 1870 1301 1934 commendando
1326 1870 1447 1933 nititur

349 1977 575 2051 perpetuare;
606 1976 646 2032 ut
673 1969 723 2032 sic
754 1969 886 2033 scilicet
919 1970 1029 2033 bonos
1059 1970 1243 2047 imitemur,
1280 1969 1447 2033 mulorum

349 2075 466 2132 autem
495 2086 571 2131 esse
599 2066 822 2149 pedissequos
853 2068 1110 2133 abhorreamus.
1164 2068 1220 2133 Ad
1249 2070 1315 2133 boc
1342 2067 1449 2131 anhe-

349 2166 462 2231 lantes
489 2167 601 2231 sancti
628 2167 865 2248 evangelistae,
891 2167 1056 2250 theologi,
1087 2168 1110 2232 J
1113 2168 1261 2251 osephus
1292 2167 1450 2232 historio-

350 2266 503 2349 graphus
529 2266 713 2344 Hebraeus,
738 2264 934 2349 Cyprianus
960 2266 1244 2349 carthaginensis
1269 2268 1450 2349 episcopus

351 2373 387 2429 et
406 2373 549 2450 martyr,
569 2365 738 2429 Eusebius
759 2364 996 2444 Caesariensis,
1021 2367 1256 2450 Hieronymus
1275 2367 1450 2443 sacerdos,

352 2464 522 2547 Sulpitius
545 2464 705 2543 Severus,
733 2466 957 2544 Fortunatus,
983 2467 1081 2532 Beda
1104 2468 1284 2548 presbyter
1306 2485 1450 2530 venera·

351 2563 443 2642 bilis,
463 2571 499 2629 et
521 2563 673 2646 Prosper
697 2563 939 2647 Aquitanicus,
963 2551 1064 2648 gesta
1089 2566 1156 2629 Dei
1181 2567 1393 2648 scripserunt
1415 2574 1452 2629 et

353 2665 598 2746 antiquorum
639 2672 686 2741 et,
718 2671 758 2728 ut
791 2664 835 2727 ad
869 2666 1052 2729 modernos
1085 2666 1234 2741 veniam,
1268 2665 1450 2728 Marianus

354 2763 478 2829 Scotus
495 2764 677 2829 Fuldensis
692 2764 893 2841 monachus»,
909 2774 945 2830 et
962 2765 1173 2848 sigisbertus
1191 2764 1452 2829 Gemblacensis

354 2863 553 2940 monachus
577 2871 613 2927 et
625 2864 765 2946 quidam
779 2865 838 2928 alii
852 2867 1001 2947 pectoris
1021 2865 1192 2947 profundi,
1213 2865 1374 2928 chronica
1392 2884 1451 2928 ve·

353 2964 481 3027 raciter
497 2962 687 3028 ediderunt.
733 2964 779 3027 Et
792 2964 848 3026 hic
863 2984 926 3028 nos
941 2965 1123 3047 incipimus
1137 2963 1330 3046 Anglorum
1347 2963 1448 3028 chro-

354 3063 444 3139 nica,
470 3081 492 3125 a
514 3061 601 3125 duce
628 3063 906 3127 Normannorum
934 3064 1123 3140 Willelmo,
1145 3065 1205 3145 qui
1225 3065 1269 3126 ab
1293 3062 1451 3126 Haraldo

354 3159 548 3242 Anglorum
577 3181 659 3242 rege
686 3163 816 3244 perfido
843 3171 878 3226 et
902 3164 1041 3248 perjuro
1066 3163 1260 3238 lacessitus,
1288 3163 1402 3244 ipsum
1430 3181 1452 3225 a

355 3261 452 3340 regni
483 3261 570 3325 solio
596 3261 728 3344 depulit
757 3261 1024 3343 diffiduciatum3
1064 3263 1164 3346 cujus
1194 3263 1277 3325 facti
1310 3280 1476 3328 causam>

354 3360 540 3424 lectoribus
556 3362 705 3426 breviter
719 3361 896 3427 intimabo.

355 3562 398 3624 P.
416 3567 489 3640 513,
608 3556 792 3635 Navigans
818 3562 932 3618 autem
956 3554 1046 3617 idem
1075 3554 1266 3632 HaralduS,
1289 3556 1370 3619 dum
1390 3556 1452 3620 ad·

355 3661 377 3725 i.
394 3662 456 3724 16.
474 3707 504 3722 ..
556 3655 623 3716 huc
637 3653 778 3735 juvenis
799 3660 903 3728 esset,
918 3652 1077 3734 aspirans
1094 3652 1138 3716 ad
1154 3673 1297 3735 regnum
1310 3654 1449 3737 Angliee

370 3780 408 3843 p.
427 3759 500 3832 516,
557 3758 593 3816 et
611 3759 736 3833 sponte
757 3752 944 3833 spaciatus,
970 3752 1166 3833 navigando
1187 3761 1307 3835 raptus
1329 3762 1382 3817 est
1399 3754 1452 3816 in·

364 3858 386 3922 i.
402 3859 433 3933 9,
449 3857 498 3919 De
560 3852 652 3916 vitus
671 3851 705 3914 vi
722 3857 913 3927 ventorum,
929 3858 976 3926 et,
992 3850 1072 3915 dum
1091 3851 1290 3915 Flaudriam
1307 3852 1451 3916 credidit

356 3975 484 4019 corcac-
556 3969 594 4013 se
610 3950 780 4031 attigisse,
794 3951 993 4033 compulsus
1007 3951 1151 4015 venitin
1166 3950 1351 4015 Pontinam
1370 3971 1451 4033 pro·

356 4055 436 4118 tione
557 4049 724 4128 vinciam3
751 4068 852 4130 quem
875 4058 1014 4133 captum
1035 4051 1156 4115 consul
1180 4050 1348 4114 Ponticus
1361 4049 1450 4115 Wil-

353 4153 526 4239 pabernun-
557 4149 661 4212 lelmo
689 4147 969 4212 Normannorum
998 4151 1077 4212 duci
1107 4150 1340 4231 praesentavit.
1401 4148 1453 4213 At

357 4254 441 4317 1111111.
558 4247 738 4312 Haraldus
761 4250 938 4313 asserebat
960 4268 998 4312 se
1021 4249 1095 4312 haec
1118 4249 1235 4311 omnia
1256 4256 1378 4330 sponte
1401 4248 1451 4311 fe·
1533 4261 1537 4268 ’

558 4348 657 4425 cisse,
679 4354 719 4411 ut
742 4349 831 4412 clam
859 4348 998 4413 veniens
1029 4349 1065 4411 in
1093 4346 1126 4410 N
1129 4348 1344 4410 ormanniam
1370 4367 1453 4412 con·

557 4447 783 4510 foederaretur
805 4448 896 4524 duci,
919 4447 1024 4510 filiam
1048 4446 1122 4529 ejus
1144 4447 1180 4509 in
1201 4465 1364 4530 sponsam
1394 4466 1452 4510 ac·

558 4554 742 4629 cepturus3
776 4547 868 4630 qued
899 4554 934 4609 et
959 4545 1093 4628 juravit
1121 4565 1224 4627 super
1254 4553 1469 4611 sanctorum.
