3384 5625
293 764 358 829 138
524 825 526 830 ,
664 778 865 828 nncrrouns
889 778 1021 829 viarm.

345 956 574 1032 intenderent,
596 956 779 1040 Philippus
797 956 950 1040 ejusdem
973 957 1166 1040 episcopus,
1194 957 1272 1041 plus
1294 959 1399 1023 armis

344 1055 478 1121 martiis
493 1076 597 1139 quam
612 1056 738 1120 divinae
752 1057 890 1139 paginae
907 1065 1088 1139 promptus
1106 1066 1142 1121 et
1155 1065 1311 1139 paratus,
1325 1058 1400 1139 regi

344 1164 461 1220 tamen
495 1156 707 1220 Francorum
732 1156 1020 1220 familiarissimus
1043 1158 1124 1240 quia
1145 1158 1341 1235 bellicosus,
1365 1166 1401 1221 et

344 1255 541 1319 Willelmus
559 1255 602 1319 de
613 1255 750 1320 Merlon
766 1275 844 1319 cum
861 1256 932 1319 filio
946 1276 1023 1328 suo,
1037 1276 1114 1320 cum
1131 1257 1298 1321 militibus
1315 1257 1401 1319 mul-

347 1356 392 1419 tis
409 1362 445 1418 et
462 1355 561 1438 plebe
578 1364 713 1420 armata
727 1375 922 1432 numerosa,
941 1356 1101 1421 exierunt
1117 1364 1239 1420 contra
1256 1376 1316 1421 eos
1336 1358 1400 1419 im-

346 1454 532 1537 perterriti,
563 1453 622 1518 sed
656 1475 739 1518 mox
761 1455 857 1538 capti
881 1463 963 1519 sunt
985 1455 1138 1520 universi
1160 1463 1195 1519 et
1223 1476 1268 1519 ex
1291 1456 1399 1536 vulgo
1419 1452 1429 1474 ⁹

346 1573 428 1636 pars
452 1554 603 1618 maxima
622 1554 814 1619 interfecta.
868 1555 914 1618 Et
937 1555 1055 1619 eodem
1080 1555 1136 1619 die
1158 1561 1400 1638 processerunt

348 1653 393 1717 ad
410 1653 523 1717 Milm.
545 1654 726 1717 castellum
751 1654 835 1718 dicti
851 1655 1003 1738 episcopi
1029 1664 1065 1719 et
1083 1664 1249 1737 ceperunt
1265 1663 1301 1719 et
1318 1656 1400 1719 sub·

347 1759 528 1817 verterunt
552 1754 649 1830 illud,
671 1754 776 1818 etsie
797 1754 947 1835 gloriose
965 1754 1218 1838 triumphantes
1240 1754 1314 1837 regi
1329 1753 1401 1819 An-

349 1853 485 1933 glorum
494 1854 652 1935 captivos
667 1872 750 1916 suos
764 1861 1074 1936 praesentaverunt.
1114 1854 1212 1918 Inter
1223 1874 1310 1938 quos
1323 1874 1401 1918 cum

347 1953 573 2033 processisset
601 1961 810 2017 memoratus
839 1953 1084 2031 Marchadeus,
1117 1953 1176 2036 qui
1203 1954 1404 2036 episcopum

349 2071 426 2116 cum
440 2071 505 2115 suo
523 2052 765 2116 archidiacono
782 2071 860 2116 curn
876 2054 979 2116 armis
995 2060 1147 2135 ceperat,
1161 2062 1197 2117 et
1209 2054 1305 2135 ipsos
1322 2062 1404 2117 ante

349 2171 466 2233 regem
489 2150 635 2215 offerens
663 2152 883 2229 ostendisset,
908 2153 958 2217 ait
989 2153 1173 2217 ridiculose
1197 2153 1317 2235 lingua
1339 2171 1405 2216 sua

352 2251 484 2327 nativa,
510 2250 643 2314 ‘Prius
667 2252 700 2314 ai
728 2251 761 2314 le
788 2252 998 2316 canthathur
1027 2272 1047 2316 e
1072 2253 1106 2315 le
1130 2252 1403 2335 respondethur,'

352 2349 443 2431 quod
466 2356 521 2413 est
539 2350 644 2425 dictu,
667 2349 777 2431 ‘Cepi
802 2351 902 2414 vohis
928 2359 1140 2416 cantatorem
1165 2360 1200 2416 et
1221 2371 1403 2434 responso-

351 2448 449 2511 rem.'
499 2448 580 2511 Rex
593 2469 677 2513 vero
699 2448 893 2526 subridere,
908 2451 990 2532 quia
1005 2470 1099 2534 saepe
1117 2450 1405 2515 damnificabatur

351 2567 413 2630 per
438 2547 637 2631 episcopum
665 2556 700 2612 et
719 2567 813 2625 suos,
834 2548 942 2631 jussit
965 2550 1059 2631 ipsos
1082 2557 1234 2614 armatos
1253 2551 1405 2614 incarce-

352 2648 442 2726 rari;
469 2648 528 2711 sed
552 2668 630 2712 cum
653 2649 811 2712 canonici
827 2649 1058 2713 Belvacenses
1083 2670 1187 2732 super
1201 2649 1267 2714 hoc
1283 2669 1405 2733 quere-

353 2748 422 2812 lam
445 2747 583 2812 domino
602 2768 702 2831 papae
722 2749 968 2831 reposuissent,
986 2750 1125 2832 scripsit
1138 2748 1298 2814 dominus
1314 2768 1407 2833 papa

353 2848 427 2928 regi
456 2847 633 2911 Richardo
660 2848 897 2926 amicabiliter,
929 2855 969 2912 ut
996 2849 1262 2914 misericorditer
1287 2859 1408 2931 ageret

353 2965 430 3009 cum
452 2947 591 3023 eisdem,
614 2966 772 3010 asserens
794 2945 889 3029 ipsos
911 2947 1144 3013 incarceratos
1166 2950 1256 3013 filios
1279 2969 1320 3013 ac
1338 2949 1407 3013 sra-

353 3052 424 3108 tres
440 3063 522 3108 suos
537 3045 643 3109 fuisse
660 3052 695 3109 et
711 3045 881 3109 Romanae
902 3046 1055 3110 ecclesiae
1074 3048 1272 3112 familiares.
1325 3048 1406 3112 Rex

353 3143 460 3224 igitur
474 3145 518 3207 oh
533 3145 691 3227 papalem
714 3146 943 3208 reverentiam
959 3145 1065 3228 jussit
1080 3148 1215 3230 pondus
1234 3167 1407 3212 armorum

353 3243 506 3325 episcopi
531 3252 566 3307 et
589 3244 823 3308 archidiaconi
841 3253 877 3309 et
898 3245 1110 3323 clericorum,
1135 3249 1296 3330 quicum
1321 3248 1407 3330 ipsis

354 3351 465 3419 erant,
487 3343 522 3406 in
541 3351 676 3407 tantum
697 3343 854 3408 alleviari
875 3352 914 3409 ut
928 3345 1043 3408 loricae
1060 3366 1177 3410 eorum
1196 3347 1408 3429 deponeren-

353 3449 422 3520 tur,
448 3451 484 3507 et
508 3444 614 3508 missa
638 3444 746 3508 lorica
770 3444 1004 3507 archidiaconi
1030 3452 1065 3508 et
1092 3446 1243 3528 episcopi
1269 3445 1408 3510 domino

354 3562 454 3625 papae
470 3544 620 3626 scripsit,
638 3544 688 3607 sic
703 3544 876 3625 inquiens,
892 3543 1006 3607 ‘Vide
1024 3544 1054 3607 si
1076 3546 1192 3608 tunica
1213 3545 1274 3608 filii
1294 3544 1345 3609 tui
1361 3547 1406 3610 sit

354 3661 399 3704 an
414 3642 509 3705 non.’
560 3641 610 3705 At
629 3661 721 3725 papa
744 3641 926 3704 subridens
948 3645 1138 3725 respondit,
1163 3664 1241 3708 cum
1264 3644 1407 3709 vidisset

353 3741 494 3804 loricam
518 3759 680 3820 magnam
703 3749 739 3804 et
760 3741 926 3820 rubegine
940 3741 1015 3823 jam
1033 3743 1190 3820 tinctam,
1206 3749 1216 3779 ‘
1231 3743 1324 3808 Vere
1339 3763 1409 3808 non

354 3846 408 3901 est
425 3838 543 3901 tunica
558 3839 614 3902 vel
632 3839 749 3902 fratris
764 3839 817 3902 vel
833 3839 896 3902 filii
918 3841 994 3916 mei,
1021 3843 1125 3906 immo
1141 3863 1204 3906 nec
1229 3842 1291 3906 filii
1312 3845 1409 3925 pacis

356 3937 411 4001 vel
436 3937 602 4014 ecclesiae,
629 3939 688 4003 sed
713 3939 830 4020 potius
856 3937 917 4002 filii
940 3939 1088 4021 Martis3
1116 3942 1279 4006 liberetur
1303 3942 1412 4023 igitur

355 4037 435 4102 talis
460 4038 655 4121 episcopus,
673 4046 708 4103 et
731 4038 784 4101 sui
808 4038 868 4120 qui
894 4041 1019 4103 armati
1044 4040 1322 4119 inveniebantur,
1349 4061 1410 4124 per

354 4139 623 4219 redemptionem
639 4138 682 4202 ad
699 4140 790 4220 regis
810 4139 1045 4203 voluntatem.5

303 4279 360 4316 Plu.
401 4278 453 4313 llll.

303 4337 356 4414 97,
416 4339 654 4415 adcommo-
705 4341 748 4404 de
763 4340 949 4406 Evesham.

471 4439 514 4501 sis
530 4437 656 4502 coenodii

304 4602 354 4612 —
400 4563 451 4636 ll,
468 4561 620 4645 inmorata
705 4564 793 4628 deest.
