3384 5625
643 776 842 824 nncrronns
867 777 1000 824 vaura.
1332 756 1375 821 87

316 962 427 1034 turuS,
451 957 549 1021 Mars
573 959 676 1035 enim,
700 957 888 1023 secundum
911 967 1043 1041 poetas,
1073 959 1158 1024 deus
1180 959 1261 1022 belli
1282 978 1369 1021 nun·

316 1064 483 1137 cupatur3
514 1058 589 1122 vita
615 1078 763 1139 namque
787 1060 880 1122 beati
902 1059 1058 1135 Thomae,
1080 1059 1269 1123 secundum
1283 1058 1369 1121 illud

317 1153 340 1217 J
343 1156 399 1231 ob,
414 1161 424 1189 ‘
440 1156 526 1220 Vita
542 1156 690 1221 hominis
711 1158 836 1221 militia
859 1166 912 1221 est
927 1177 1032 1241 super
1047 1158 1197 1235 terram,'
1216 1166 1291 1222 tota
1304 1158 1371 1222 suit

315 1262 438 1318 contra
453 1255 587 1320 hostem
602 1257 776 1321 bellicosa.
828 1257 960 1321 Passus
973 1278 1110 1340 quoque
1126 1258 1194 1322 init
1204 1257 1258 1320 die
1276 1257 1370 1320 Mar·

316 1353 372 1429 tis,
390 1362 426 1418 et
443 1356 634 1419 translatus
649 1356 704 1419 die
722 1357 872 1435 Martis3
900 1364 940 1421 ut
962 1358 1042 1421 talis
1064 1357 1138 1420 dies
1163 1358 1195 1420 ei
1217 1357 1368 1438 gloriose

316 1451 515 1531 deserviret,
539 1454 651 1537 qualis
677 1456 753 1539 ejus
774 1456 928 1536 passioni
950 1461 1159 1520 tormentum
1181 1455 1366 1536 impendet.

316 1552 384 1615 Die
402 1551 528 1617 Martis
553 1553 717 1617 sederunt
739 1556 912 1637 principes
935 1555 1028 1637 apud
1052 1554 1368 1638 Northamptonam

314 1658 350 1714 et
380 1651 546 1717 adversus
573 1673 651 1716 eum
682 1654 920 1735 loquebantur.
972 1653 1083 1718 Actus
1107 1661 1161 1718 est
1186 1654 1290 1718 etiam
1314 1652 1369 1716 die

315 1750 441 1815 Martis
455 1751 492 1815 in
509 1752 662 1816 exilium.
715 1751 783 1816 Die
806 1752 933 1816 Martis
954 1754 1116 1835 apparuit
1138 1754 1172 1817 ci
1197 1751 1369 1817 Dominus

314 1851 406 1931 apud
437 1851 680 1916 Pontiniacum
705 1851 835 1926 dicens,
863 1851 1029 1928 ‘Thoma,
1055 1851 1200 1928 Thema,
1225 1851 1369 1915 ecclesie

315 1968 391 2012 mea
405 1950 653 2030 glorificabitur
669 1951 886 2031 insanguine
901 1951 987 2014 tuo!
1032 1951 1099 2015 Die
1112 1951 1252 2033 insuper
1270 1950 1367 2013 Mar-

315 2049 361 2111 tis
378 2068 536 2112 reversus
559 2058 613 2113 est
638 2050 681 2112 ab
702 2049 819 2112 exilio.
872 2049 1034 2133 Martyrii
1058 2069 1194 2131 quoque
1219 2049 1368 2131 palmam

315 2146 371 2209 die
385 2147 512 2211 Martis
529 2156 583 2212 est
604 2148 762 2229 adeptus.
815 2146 949 2211 Praeter
966 2150 1069 2212 etiam
1086 2149 1270 2211 humanam
1288 2168 1368 2229 pro·

314 2246 501 2310 ridentiam
521 2247 659 2323 accidit,
686 2247 754 2311 Dei
779 2249 894 2327 gratia
917 2255 1134 2330 procurante,
1157 2247 1248 2329 quod
1276 2265 1368 2311 anno

314 2346 599 2427 quinquagesimo
628 2346 800 2427 passionis
823 2346 945 2428 ipsius,
969 2348 1028 2429 qui
1053 2347 1156 2410 etiam
1179 2365 1291 2410 annus
1314 2366 1367 2409 re-

314 2445 487 2508 missionis
514 2451 578 2521 est,
604 2464 714 2508 annus
732 2445 891 2509 videlicet
914 2444 1056 2509 Domini
1081 2446 1282 2508 millesimus
1304 2445 1367 2508 du-

314 2544 521 2607 centesimus
535 2545 735 2625 vigesimus,
752 2545 945 2608 venerabile
966 2564 1090 2626 corpus
1107 2545 1182 2627 ejus
1197 2545 1253 2607 die
1276 2543 1369 2607 Mar-

315 2643 360 2705 tis
380 2643 526 2723 gloriam
548 2644 784 2707 translationis
801 2642 965 2724 suscepit,
983 2651 1018 2705 et
1032 2643 1151 2706 eodem
1166 2643 1221 2705 die
1239 2643 1368 2705 Henri-

314 2758 391 2804 cum
409 2761 537 2823 regem,
552 2744 616 2805 sub
637 2761 705 2824 quo
727 2760 851 2824 passus
871 2750 936 2818 est,
960 2743 1058 2804 sinus
1075 2748 1175 2804 terrae
1193 2742 1367 2823 suscepit;

313 2841 373 2903 sed
388 2841 461 2904 haec
477 2843 514 2904 in
531 2843 754 2926 sequentibus
771 2842 856 2904 locis
871 2842 943 2905 suis
961 2841 1236 2905 declarabuntur.

274 2988 331 3025 rao.
354 2988 405 3026 uu.
440 3036 444 3041 Ι

265 3063 339 3142 337,
356 3069 408 3144 20,
424 3067 492 3130 Hoc
516 3067 615 3152 ἱρέων
665 3067 754 3132 Haec
769 3069 872 3131 beato
886 3074 1038 3149 martyre
1052 3066 1186 3130 Thomu
1202 3066 1369 3148 praedicta

495 3168 605 3231 mantia
685 3167 861 3248 cogitante
877 3174 911 3229 et
928 3166 1065 3230 arrham
1087 3166 1259 3248 passionis
1280 3185 1368 3246 prae-

685 3266 888 3347 accipiente,
904 3273 1089 3346 antequam
1104 3263 1216 3327 adhuc
1233 3271 1336 3326 esset.

265 3390 407 3467 340,16,
425 3410 447 3452 o
472 3398 500 3452 te
520 3388 614 3472 juru-
664 3389 725 3451 abs
744 3395 778 3450 te
795 3393 1022 3450 sacramento.

428 3496 525 3550 murto

263 3647 315 3656 —
360 3608 413 3690 27,
430 3610 467 3673 de
484 3610 572 3694 cujus
663 3606 739 3671 The
757 3608 873 3692 Royal
896 3606 974 3671 MS.
1002 3606 1104 3672 omits
1125 3604 1184 3669 the
1210 3602 1282 3679 life,
1303 3604 1367 3666 but

427 3711 494 3773 aito
685 3708 877 3786 continues,
904 3706 1038 3790 ‘Cujus
1065 3706 1139 3770 vita
1164 3711 1199 3767 et
1222 3704 1367 3767 virtutes

684 3806 722 3868 in
737 3808 886 3871 cronicis
905 3807 940 3871 S.
956 3806 1082 3870 Albani
1099 3803 1335 3867 annotantur.’

264 3935 338 4009 341,
375 3936 406 4006 l,
424 3930 495 3995 libet
663 3927 767 3992 lubet.

263 4097 314 4108 -
379 4059 410 4132 4,
424 4053 614 4118 matresua
663 4059 773 4115 matre
787 4072 869 4116 vero
889 4051 1103 4115 Radwenna.

428 4175 537 4217 wanno

262 4310 314 4320 —
381 4278 413 4348 5,
434 4272 576 4359 Wuhpol
663 4269 860 4350 Walenpol.

264 4432 314 4441 —
360 4399 414 4472 ll,
431 4396 537 4460 urania
663 4391 752 4456 docet.

266 4521 339 4591 342,
357 4518 615 4594 ratrammo
664 4518 781 4583 demeat.
