3384 5625
293 798 359 863 270
664 808 865 857 anemonas
892 807 1026 855 vaura.

306 937 363 974 PAO.
386 936 439 973 ult.

294 997 370 1075 227,
409 1000 440 1073 3,
454 996 622 1081 inpetrata
693 994 786 1059 addit
813 993 941 1070 Paris,
971 994 1027 1057 De
1056 1013 1126 1076 quo
1150 991 1216 1058 boc
1243 993 1404 1059 mirabile

716 1093 852 1167 accidit,
887 1092 980 1176 quia,
1014 1111 1092 1157 cum
1131 1092 1402 1174 pontificalibus,

716 1193 807 1256 sicut
834 1192 940 1255 moris
978 1198 1044 1268 est,
1083 1209 1208 1273 corpus
1244 1192 1400 1258 defuncti

718 1290 951 1372 sepeliendum
974 1289 1210 1371 insigniretur,
1233 1289 1276 1355 de
1299 1299 1402 1356 nocte

718 1397 888 1453 venerunt
905 1388 1058 1452 homines
1072 1388 1165 1451 illius
1180 1390 1317 1470 patriae,
1340 1392 1401 1473 qui

720 1487 923 1552 haecomnia
940 1488 1041 1552 oculo
1055 1487 1249 1552 fascinante
1262 1489 1403 1572 inspex-

719 1594 830 1663 erant,
849 1587 916 1669 [et]
940 1593 1149 1668 aperuerunt
1164 1585 1206 1650 de
1225 1595 1328 1652 nocte
1349 1607 1401 1653 se-

719 1679 912 1769 pulchrum,
931 1686 1108 1767 cupientes
1127 1692 1168 1748 ut
1182 1687 1349 1750 annulum
1365 1696 1402 1752 et

719 1785 789 1848 alia
799 1784 950 1866 insignia
964 1784 1175 1866 episcopalia
1191 1784 1403 1864 furarentur,

719 1883 812 1966 [sed]
832 1883 928 1947 nulla
943 1884 978 1947 vi
998 1884 1054 1947 vel
1070 1883 1209 1965 ingenio
1230 1884 1266 1947 id
1280 1893 1402 1967 potue-

719 1990 811 2046 runt.
865 1983 919 2046 De
934 2002 1015 2065 quo,
1031 2001 1100 2045 non
1116 1989 1232 2046 tamen
1247 1984 1401 2065 signato,

719 2080 934 2164 propositum
967 2099 1204 2145 consummare
1240 2084 1402 2165 nequive-

719 2188 812 2257 runt,
845 2187 1062 2245 recesserunt
1089 2180 1236 2257 confusi,
1262 2190 1298 2245 et
1322 2202 1401 2265 pec

720 2288 798 2343 tora
812 2299 888 2356 sua,
912 2279 1086 2361 inquibus
1108 2280 1277 2343 scelerata
1296 2282 1403 2346 corda

719 2378 916 2455 latitabant,
934 2386 1189 2460 percusserunt.

297 2552 348 2562 -
414 2508 445 2585 6,
461 2506 579 2571 Eodem
698 2502 741 2566 B.
759 2501 822 2564 has
841 2521 887 2565 on
905 2501 963 2565 the
982 2501 1128 2582 margin,
1150 2500 1230 2566 here
1251 2521 1291 2567 as
1312 2503 1402 2568 else-

465 2616 595 2692 torpore
721 2601 847 2678 where,
870 2600 1042 2664 extended
1062 2600 1120 2665 the
1140 2601 1259 2683 length
1283 2602 1324 2666 of
1341 2604 1401 2668 tbe

722 2700 878 2783 chapter,
895 2700 953 2764 the
967 2700 1062 2764 word
1080 2699 1365 2765 ‘offendiculum’

299 2871 349 2882 -
394 2831 446 2906 10,
464 2829 615 2892 rationein
699 2825 882 2901 universis,
900 2825 1074 2907 pra-cipue
1090 2825 1335 2892 Mareschallo.

298 2995 349 3006 ..
394 2955 446 3029 14,
462 2953 649 3016 conarere...
700 2947 971 3012 Mareschallum
987 2957 1021 3013 et
1036 2950 1194 3014 comitem
1211 2949 1404 3018 Britanniae

465 3058 622 3114 reuocatae
722 3067 785 3110 rex
800 3048 931 3111 invitus
948 3056 1179 3113 revocaretur.

299 3213 350 3225 -
395 3174 446 3250 23,
460 3182 528 3238 aar
550 3181 652 3236 coam
700 3173 760 3254 qui
790 3179 865 3235 erat
899 3173 989 3253 regis
1021 3172 1240 3237 fidelissimus
1270 3176 1405 3240 cancel-

469 3272 651 3336 ..deeiderio
722 3271 829 3334 larius
854 3278 889 3334 et
908 3272 1114 3335 inconcussa
1138 3272 1297 3336 columna
1316 3276 1405 3338 veri-

468 3370 653 3456 defraodati
723 3371 818 3448 tatis,
846 3371 992 3452 singulis
1019 3390 1083 3433 sua
1104 3370 1198 3453 jura,
1230 3374 1405 3456 praecipue

724 3471 932 3552 pauperibus
954 3469 1113 3549 singulis,
1133 3469 1230 3552 juste
1257 3472 1404 3536 reddens

724 3576 759 3632 et
787 3569 951 3649 indilate;
988 3570 1025 3633 in
1057 3567 1175 3634 multis
1202 3572 1299 3653 regni
1329 3592 1404 3655 per·

722 3667 977 3729 turbationibus
1016 3676 1114 3731 stans
1151 3669 1292 3747 directe,
1333 3693 1402 3737 non

722 3763 856 3826 arundo
880 3764 1032 3845 quolibet
1049 3773 1154 3830 vento
1176 3768 1323 3848 agitata,
1339 3789 1402 3835 nec

722 3861 898 3925 declinans
916 3863 959 3926 ad
971 3863 1132 3928 dextram
1147 3865 1202 3929 vel
1216 3866 1399 3931 sinistram.

722 3958 933 4026 constanter
968 3963 1075 4044 igitur
1110 3963 1284 4046 petierunt
1323 3985 1401 4030 eum

725 4061 883 4124 monachi
916 4064 1107 4140 memorati,
1142 4064 1242 4145 quasi
1279 4063 1406 4147 dignis·

722 4160 845 4222 simum
884 4168 918 4223 et
948 4161 1107 4225 idoneum
1144 4163 1297 4227 ecclesiae
1332 4184 1404 4228 suae

722 4260 952 4340 approbatum
981 4259 1205 4339 defensorem,
1229 4270 1406 4344 potentem

721 4361 827 4422 verbo
856 4366 892 4422 et
916 4379 1028 4440 opere,
1057 4367 1095 4423 ut
1122 4359 1269 4424 feliciter
1300 4363 1404 4428 beato

722 4455 867 4520 Thomae
887 4457 1086 4522 succederet
1102 4459 1324 4535 assimilatus
1344 4463 1405 4544 qui

723 4555 765 4618 de
789 4556 995 4620 cancellario
1021 4556 1133 4621 factus
1157 4564 1211 4622 est
1236 4561 1405 4643 archiepi-
