3384 5625
669 787 867 835 nocriouns
890 786 1022 833 varim.
1331 771 1396 836 181

345 988 463 1032 omnes
480 977 613 1051 portae,
632 969 782 1033 habeant
799 989 918 1034 omnes
934 969 1113 1033 libertates
1128 976 1164 1032 et
1177 988 1295 1032 omnes
1312 969 1393 1034 libe·

344 1087 401 1130 ras
427 1067 691 1132 consuetudines
716 1089 810 1133 suas.
865 1070 912 1133 Et
931 1069 977 1133 ad
999 1068 1193 1133 habendum
1212 1088 1392 1133 commune

344 1168 523 1231 consilium
546 1169 643 1249 regni
666 1170 708 1231 de
729 1168 871 1232 auxiliis
893 1169 1085 1232 assidendis
1109 1167 1210 1231 aliter
1228 1187 1331 1249 quam
1356 1168 1392 1230 in

345 1269 454 1330 tribus
478 1269 614 1330 casibus
642 1267 829 1349 praedictis,
862 1268 965 1331 etde
992 1268 1159 1349 scutagiis
1188 1266 1392 1343 assidendis,

343 1367 540 1429 submoneri
559 1366 725 1430 faciemus
753 1367 1042 1449 archiepiscopos
1068 1368 1261 1450 episcopus
1286 1368 1391 1430 abba·

345 1474 408 1542 tes,
425 1467 579 1542 comites,
605 1476 641 1530 et
657 1467 806 1556 majores
826 1468 974 1530 barones
993 1467 1091 1547 regni
1108 1466 1311 1548 singillatim
1329 1487 1392 1549 per

344 1564 461 1627 literas
490 1573 637 1629 nostras.
691 1566 737 1629 Et
761 1572 931 1646 praeterea
952 1565 1116 1629 faciemus
1138 1567 1334 1629 submoneri
1355 1565 1391 1628 in

344 1664 507 1744 generali,
530 1685 592 1747 per
620 1664 839 1728 vicecomites
864 1673 899 1729 et
925 1664 1073 1728 ballivos
1098 1672 1248 1741 nostroS,
1272 1684 1391 1728 omnes

344 1763 430 1827 alios
457 1766 516 1847 qui
537 1765 573 1827 in
600 1765 715 1846 capite
742 1771 860 1828 tenent
882 1764 925 1827 de
946 1765 1057 1840 uobis,
1077 1765 1120 1827 ad
1139 1771 1271 1827 certum
1290 1765 1392 1841 diem,

344 1862 476 1927 scilicet
496 1864 539 1926 ad
559 1865 743 1928 terminum
759 1863 991 1946 quadraginta
1007 1863 1137 1926 dierum
1154 1863 1198 1926 ad
1215 1864 1339 1939 minuS,
1357 1872 1392 1928 et

345 1963 388 2025 ad
414 1972 544 2027 certum
570 1964 694 2027 locum.
739 1963 782 2027 In
806 1965 964 2026 omuibus
994 1963 1103 2026 literis
1127 1962 1392 2026 submonitionis

344 2061 437 2124 illius
458 2083 596 2126 causam
617 2063 881 2126 submonitionis
903 2063 995 2126 illius
1019 2081 1251 2144 exponemus3
1275 2070 1322 2138 et,
1342 2063 1392 2126 sic

343 2161 437 2225 facta
460 2163 725 2237 submonitione,
754 2162 932 2243 negotium
957 2162 1121 2245 procedat
1148 2161 1193 2224 ad
1223 2160 1311 2224 diem
1339 2180 1395 2224 as-

344 2263 531 2343 signatum,
558 2262 744 2325 secundum
773 2262 952 2326 consilium
975 2282 1089 2325 eorum
1117 2262 1176 2344 qui
1202 2273 1392 2343 praesentes

343 2360 481 2438 fuerint,
496 2364 653 2445 quamvis
670 2382 739 2426 non
757 2381 876 2425 omnes
893 2362 1080 2425 submoniti
1096 2362 1264 2426 venerint.
1318 2361 1394 2425 Nos

344 2479 411 2523 non
426 2462 644 2525 concedimus
656 2461 699 2524 de
716 2469 841 2525 caetero
859 2461 975 2538 alicui,
988 2461 1081 2543 quod
1097 2462 1212 2543 capiat
1225 2462 1395 2524 auxilium

344 2560 387 2621 de
409 2559 526 2623 liberis
548 2561 745 2624 bominibus
772 2562 856 2636 suis,
883 2560 950 2623 uisi
972 2559 1016 2622 ad
1039 2579 1164 2641 corpus
1186 2579 1287 2622 suum
1310 2560 1396 2623 redi-

343 2660 516 2736 mendum,
534 2669 569 2724 et
589 2661 633 2724 ad
654 2660 847 2723 faciendum
870 2659 1136 2740 primogenitum
1163 2657 1271 2720 filium
1294 2677 1395 2721 suum

345 2758 499 2836 militem,
516 2759 607 2824 etad
631 2760 895 2842 primogenitam
914 2757 1020 2821 filiam
1043 2776 1141 2821 suam
1164 2757 1270 2821 semel
1291 2758 1394 2821 mari·

343 2859 484 2922 tandam
501 2881 509 2938 3
534 2860 627 2924 etad
645 2859 709 2923 hoc
724 2879 794 2922 non
808 2857 871 2921 fiat
888 2859 956 2921 nisi
972 2858 1180 2922 rationabile
1197 2857 1379 2922 auxilium.

305 3006 362 3042 Pas.
385 3006 436 3043 ult.

294 3086 369 3158 305,
387 3087 439 3161 36,
452 3087 645 3150 aotmmsoris
693 3085 785 3149 addit
802 3085 924 3162 Paris,
943 3092 978 3148 et
995 3083 1038 3147 de
1060 3084 1184 3147 ultima
1207 3090 1396 3166 praesenta·

716 3186 821 3250 tione.

293 3299 369 3375 306,
383 3302 436 3374 36,
449 3301 628 3384 placitare
693 3309 786 3373 addit
824 3308 950 3385 Paris„
980 3307 1110 3370 Omnes
1141 3307 1328 3371 comitatus
1361 3314 1397 3370 et

462 3422 544 3463 rona
564 3423 629 3466 nos·
715 3406 884 3470 hundredi
923 3413 959 3470 et
1003 3412 1188 3488 wapentag
1232 3413 1268 3469 et
1305 3404 1399 3469 thre-

459 3509 514 3562 lrae
719 3507 831 3588 thingi
847 3506 918 3569 sint
935 3505 979 3568 ad
997 3505 1160 3588 antiquas
1179 3504 1294 3567 firmas
1316 3504 1397 3566 abs·

503 3606 506 3617 '
715 3625 782 3687 que
796 3606 868 3670 ullo
885 3606 1110 3680 incremento,
1124 3604 1280 3685 exceptis
1291 3601 1397 3666 domi-

716 3706 803 3768 nicis
817 3704 978 3769 maneriis
996 3702 1133 3767 nostris.

293 3816 368 3896 307,
389 3822 439 3896 13,
452 3821 601 3904 panim
692 3829 785 3893 adua
807 3828 934 3905 Paris,
959 3828 997 3892 si
1025 3827 1151 3911 anquis
1179 3824 1266 3889 uber
1295 3824 1397 3889 nomo

458 3921 523 3984 sais
714 3929 902 3991 intestatus
916 3927 1076 4003 decessit,
1094 3926 1224 3990 catalla
1244 3944 1310 3988 sua
1335 3944 1397 4006 per

713 4045 836 4089 manus
855 4027 1137 4107 propinquorum,
1149 4031 1346 4106 pareutum,
1363 4030 1398 4087 et

715 4125 903 4187 amicorum
920 4143 1060 4186 suorum
1078 4142 1140 4205 per
1158 4123 1270 4186 visum
1287 4121 1397 4184 eccle·

714 4224 775 4286 siae
797 4223 1061 4298 distribuantur,
1082 4221 1189 4284 salvis
1210 4218 1396 4300 uuicuique

714 4322 850 4398 debitis,
870 4341 948 4405 quae
963 4321 1145 4386 defunctus
1163 4319 1194 4383 ei
1208 4317 1366 4384 debebat.

292 4443 369 4515 308,
385 4443 437 4518 29,
453 4439 589 4504 debanna
693 4444 896 4511 tenebimus

457 4539 564 4603 laubaca
