3384 5625
638 819 836 868 uuoulouus
860 822 993 875 VARlAE·

260 942 316 979 Pau.
352 942 405 979 LIN-

263 1000 316 1077 72,
356 1006 408 1081 29,
424 1026 461 1068 ne
659 1023 712 1080 ne,
731 1004 885 1070 admissi.

260 1162 311 1174 -
356 1127 407 1201 31,
423 1109 592 1187 iatbodarti
657 1127 748 1191 deest.

263 1243 313 1322 73,
375 1252 406 1326 l,
422 1268 490 1311 cam
518 1244 578 1309 sibi
658 1270 767 1333 eaque
784 1248 850 1316 sibi
861 1253 948 1335 jam.

426 1356 497 1410 aar

261 1505 308 1516 —
376 1474 407 1547 4,
424 1469 510 1533 rebus
524 1471 587 1553 ejus
658 1472 749 1535 bona
766 1474 872 1553 regia.

259 1633 310 1644 -
377 1595 406 1671 6,
424 1595 503 1679 regiis
525 1594 611 1658 mili·
657 1594 762 1674 regiis
778 1596 956 1660 militibus,

425 1694 471 1756 tia

258 1855 309 1866 -
354 1814 612 1892 10,saleabantar
656 1816 844 1879 incolumes
862 1818 1096 1881 remanebant.

258 1978 309 1988 -
354 1938 575 2021 ll,a‹ljieiant
658 1938 845 2019 accingunt
860 1957 908 2002 se.

418 2040 480 2101 etia

259 2196 308 2206 -
354 2164 405 2238 13,
421 2161 560 2226 Deinde.
575 2211 583 2226 .
599 2211 606 2226 .
655 2158 817 2237 pontibus
834 2156 878 2220 ad
892 2158 957 2223 hoc
971 2161 1177 2224 constructis
1193 2169 1229 2225 et
1240 2165 1359 2228 moeni·

417 2261 593 2345 pereffluis
677 2256 741 2319 bus
766 2256 928 2333 admotis,
955 2259 1076 2323 sedula
1103 2280 1221 2323 eorum
1253 2281 1360 2344 opera

678 2354 766 2418 adid
784 2364 986 2436 perventum
1002 2366 1064 2434 est,
1077 2366 1116 2422 ut
1129 2359 1204 2442 jam
1223 2369 1358 2443 pateret

677 2453 763 2536 ipsis
777 2454 951 2518 introitus

258 2613 305 2625 -
353 2582 404 2655 18,
422 2579 524 2663 sicque
658 2577 792 2641 deinde.

258 2738 305 2748 -
352 2698 405 2778 27,
422 2704 476 2787 qai
658 2718 746 2762 cum.

259 2824 312 2902 74,
373 2831 404 2902 l,
421 2830 478 2892 niae
492 2851 609 2893 consor-
657 2823 789 2886 itineris
807 2825 921 2888 sociis.

421 2925 502 2991 tibus

257 3089 308 3099 -
375 3053 404 3126 3,
415 3051 563 3135 precatori
657 3042 747 3105 ml·

257 3207 306 3219 -
373 3176 405 3247 9,
425 3175 505 3238 00720
658 3165 756 3229 Coun
775 3166 828 3229 vel
847 3165 1020 3231 Couanus.

256 3334 307 3343 -
352 3299 405 3370 10,
424 3297 558 3360 Sanortes
656 3288 745 3351 dmi·

256 3458 306 3469 —
351 3422 402 3496 24,
420 3421 597 3485 Proedictus
658 3408 743 3474 Erat
762 3418 888 3474 autem·

421 3541 502 3582 earm

258 3673 305 3685 -
348 3677 392 3686 -
417 3643 507 3725 quasi
527 3643 609 3708 inter
656 3634 715 3715 qui
732 3641 766 3698 et
783 3637 885 3717 quasi
903 3655 947 3698 ex
964 3635 1094 3718 primis.

414 3762 536 3823 premor

256 3892 303 3904 -
349 3860 404 3932 29,
419 3857 474 3922 ali
494 3907 503 3924 .
522 3908 529 3921 .
547 3907 554 3923 .
573 3863 608 3925 in
656 3874 758 3937 quem
797 3874 928 3936 praeses
965 3857 1116 3936 regionis
1152 3865 1291 3938 captum
1325 3866 1360 3921 et

420 3979 541 4022 carcere
677 3955 831 4016 vinctum
843 3955 1043 4035 imperatori
1055 3956 1255 4019 transmisit.
1279 3955 1360 4020 Rex

678 4059 842 4134 tanquam
882 4051 1076 4133 praedonem
1119 4061 1154 4116 et
1186 4053 1359 4117 homicidii

676 4168 772 4211 reum
791 4151 967 4213 detinebat
983 4169 1061 4211 eum
1078 4150 1113 4210 in
1132 4169 1277 4215 carcere.

257 4268 308 4347 75,
367 4276 398 4348 9,
419 4274 608 4340 absolverant
655 4271 747 4336 addit
761 4272 887 4350 Paris,
898 4273 1028 4336 Eodem
1043 4293 1134 4338 anno
1151 4275 1261 4338 stellae
1275 4276 1360 4339 visae

677 4380 759 4435 sunt
779 4372 850 4434 labi
869 4372 912 4435 de
934 4374 1020 4436 caelo
1038 4374 1074 4436 in
1095 4376 1251 4456 partibus
1269 4376 1360 4438 occi-

677 4470 873 4534 dentalibus
898 4472 934 4535 in
956 4471 1092 4553 siguum
1110 4474 1213 4538 dictae
1233 4474 1361 4555 stragis

679 4576 714 4633 et
729 4568 953 4634 confusionis.

1190 4690 1210 4731 υ
