3384 5625
662 791 864 839 uncrrorms
887 793 1016 840 vnnru.
1321 777 1386 841 199

338 965 543 1043 lustrabant,
570 988 689 1031 omnes
716 969 924 1050 spoliabant,
955 970 1005 1033 ita
1034 970 1171 1052 quidem
1200 970 1292 1051 quod
1323 990 1384 1033 uec

338 1062 494 1128 muliebri
512 1068 612 1129 sexui
633 1086 695 1131 nec
717 1068 941 1149 parvulorum
958 1069 1012 1133 vel
1032 1068 1283 1150 decrepitorum
1305 1089 1384 1151 par-

338 1173 454 1228 cerent
470 1167 576 1229 aetati.
616 1167 661 1230 Et
675 1167 766 1248 quod
782 1187 982 1230 consumere
999 1188 1067 1231 non
1083 1168 1255 1243 valebant,
1270 1169 1385 1231 incen-

338 1263 394 1327 dio
412 1264 613 1341 tradebant,
623 1265 678 1330 vel
695 1265 932 1348 dispergentes
951 1267 1072 1330 inutile
1092 1266 1250 1329 humanis
1266 1268 1386 1331 usibus

339 1364 536 1427 reddebant.
589 1365 635 1428 Et
664 1384 751 1446 quos
778 1365 874 1428 nulla
906 1373 989 1430 nota
1017 1366 1205 1447 premebat,
1229 1366 1385 1430 inimicos

339 1463 431 1543 regis
455 1471 633 1539 vocantes,
661 1464 856 1545 ubicunque
880 1466 1148 1547 reperiebantur,
1168 1465 1294 1547 raptim
1317 1473 1386 1528 tra-

341 1560 510 1626 hebantur
523 1563 560 1625 iu
578 1581 748 1625 carcerem
766 1562 952 1644 poenalem,
967 1564 1115 1627 vinculis
1131 1564 1330 1644 mancipati,
1351 1573 1387 1627 et

341 1660 478 1723 tandem
496 1661 538 1724 ad
555 1662 795 1743 gravissimam
813 1664 925 1725 coacti
941 1662 1219 1744 redemptionem.
1271 1662 1388 1725 Sacer-

342 1759 439 1824 dotes
462 1780 598 1842 quoque
620 1762 704 1842 ipsis
728 1761 895 1824 altaribus
918 1768 1084 1836 astanteS,
1102 1762 1238 1841 signum
1256 1767 1387 1824 sanctae

342 1860 453 1922 crucis
469 1861 628 1923 manibus
646 1859 853 1943 bajulantes,
872 1860 927 1923 vel
945 1860 1056 1941 ipsum
1073 1859 1294 1922 Dominicum
1312 1878 1388 1923 cor·

342 1977 407 2039 pus
430 1965 632 2036 tractantes,
655 1960 763 2022 sacris
785 1959 999 2022 vestimentis
1026 1958 1251 2034 venerabileS,
1274 1958 1389 2021 altari-

343 2057 405 2118 bus
431 2065 586 2121 astantes
616 2059 782 2139 religioue
810 2057 996 2133 deserendi,
1022 2057 1248 2121 irreverenter
1276 2059 1389 2139 capie-

342 2156 478 2218 bantur.

293 2294 368 2431 mm,
385 2295 443 2429 ἐξ,
451 2357 603 2441 penitebit
690 2359 885 2423 secretiora.

293 2479 365 2552 352,
402 2479 433 2555 1,
448 2480 567 2542 domiue
689 2481 898 2547 charactere.

293 2637 344 2645 -
409 2604 441 2675 3,
456 2602 641 2687 conpelotc..
692 2608 756 2669 sub
773 2606 885 2687 glacie
897 2615 1014 2670 assata
1028 2626 1173 2689 corpora
1185 2614 1391 2688 mergentes,

460 2702 605 2785 rempub
714 2711 752 2768 ut
770 2706 870 2787 quasi
891 2705 1114 2769 infernalibus
1137 2706 1249 2787 poenis
1267 2705 1391 2768 transi-

460 2811 535 2864 rrmt
715 2813 791 2868 rent
825 2803 868 2867 de
903 2804 1017 2869 calore
1057 2804 1162 2867 nimio
1202 2804 1245 2867 ad
1281 2804 1390 2883 frigus

634 2942 637 2949 ,
715 2904 859 2980 nivium,
899 2905 1031 2967 animas
1061 2903 1115 2975 vel
1145 2902 1310 2965 exhalare
1336 2902 1391 2964 vel

714 3002 775 3064 vix
795 3002 930 3065 trahere
947 3002 1196 3083 compulerunt.

293 3159 343 3168 —
408 3122 438 3196 5,
454 3119 641 3185 miserabili·
692 3117 933 3180 miserabiliter
949 3116 1140 3180 constituti.

459 3229 506 3283 ter

293 3385 343 3394 —
408 3341 440 3418 7,
455 3344 571 3419 miseri,
583 3365 642 3407 non
692 3343 861 3398 nouerat.

449 3443 522 3526 fuit

293 3606 343 3615 -
408 3567 439 3639 9,
454 3563 641 3649 myrham„
693 3573 796 3636 quam
822 3573 891 3617 non
918 3552 1090 3616 habebant
1109 3552 1293 3635 patientes,
1319 3550 1393 3612 exi·

451 3662 567 3726 centul·
632 3673 645 3726 ι
715 3654 854 3734 gebaut,
870 3671 933 3715 nec
947 3651 1151 3717 credebatur
1164 3650 1311 3715 afflictis,

188 3822 191 3828 -
293 3820 345 3829 —
389 3787 439 3860 18,
454 3784 623 3870 effabantur
693 3777 898 3855 agebantur,
915 3796 976 3839 nec
997 3783 1113 3839 tamen
1130 3775 1196 3840 hoc
1216 3775 1290 3837 sine
1307 3773 1394 3835 mul-

715 3875 761 3938 tis
777 3875 1103 3957 perturbationibus.

294 4048 345 4057 —
387 4043 431 4054 -
452 4029 645 4071 uer..ausus
693 3998 809 4059 desum.

459 4115 527 4169 erut

293 4264 344 4274 -
389 4232 443 4306 21,
458 4229 493 4292 ie
510 4228 588 4292 eilia
695 4217 929 4283 Loudinenses
959 4216 1137 4280 mulierum
1169 4235 1262 4280 more
1294 4235 1395 4296 puer-

452 4328 636 4412 partum‘en-
715 4337 875 4400 perarum
893 4317 928 4379 in
942 4316 1122 4399 puerperio
1133 4315 1337 4398 jacentium.

462 4427 540 4490 tium
925 4489 928 4496 ¹

294 4592 345 4602 —
389 4553 441 4627 23,
458 4550 615 4613 insolitum
696 4540 871 4604 insolitum
889 4539 980 4619 gulae
997 4538 1258 4602 irritamentum.
