3384 5625
292 772 358 839 276
666 788 865 837 cncrrouns
889 788 1023 837 vnnrn.

350 976 472 1039 merito
501 976 553 1039 ira
572 974 691 1037 divina
711 991 906 1055 percussus,
927 970 971 1035 ad
994 971 1135 1054 aliquod
1158 971 1403 1039 offendiculum

351 1094 440 1157 equo
456 1076 659 1158 cespitante,
674 1073 756 1136 licet
766 1072 976 1153 pedetentim
993 1072 1205 1149 ambulante,
1222 1074 1258 1136 in
1274 1081 1403 1140 terram

351 1175 481 1239 corruit
503 1174 696 1258 resupinus,
722 1181 758 1236 et
783 1172 893 1234 fracto
919 1171 1008 1233 collo
1033 1172 1167 1248 misere,
1192 1192 1255 1235 nec
1285 1181 1403 1239 tamen

351 1274 601 1349 miserabiliter,
630 1271 832 1353 exspiravit.
887 1269 975 1333 Haec
1001 1270 1059 1353 pia
1082 1271 1200 1335 missio
1221 1271 1316 1336 facta
1338 1274 1405 1339 fuit

351 1391 413 1455 per
428 1372 663 1455 Radulphum,
679 1371 876 1452 episcopum
893 1367 1152 1445 cicestrensem,
1171 1378 1254 1435 tunc
1272 1375 1405 1437 cancel-

352 1472 488 1549 larium,
512 1473 621 1536 virum
643 1471 778 1555 justum
803 1478 839 1533 et
865 1469 929 1533 toti
955 1488 1062 1550 regno
1090 1469 1339 1549 fidelissimum,
1368 1482 1405 1538 et

353 1571 497 1635 miseriis
532 1570 685 1636 Huberti
717 1568 964 1633 condolentem.
1019 1568 1114 1633 Visis
1144 1569 1253 1650 igitur
1281 1572 1403 1650 literis,

353 1672 451 1736 stetit
476 1672 650 1735 exercitus
675 1669 786 1734 civilis
816 1675 852 1731 et
875 1668 1023 1750 populus
1046 1669 1246 1750 universus;
1281 1679 1317 1735 et
1339 1674 1402 1748 sic,

352 1778 486 1835 mutato
512 1771 667 1847 consilio,
692 1789 754 1833 rex
779 1767 980 1832 festinanter
1004 1768 1177 1832 nuntiavit
1203 1777 1242 1834 ut
1266 1791 1405 1853 promo-

353 1875 425 1932 tum
441 1871 630 1935 exercitum
645 1869 738 1932 illico
755 1875 945 1931 revocaret.
997 1866 1048 1931 At
1061 1869 1154 1931 cives
1168 1870 1283 1933 animo
1299 1872 1402 1935 nimis

351 1971 563 2034 consternati
594 1969 723 2033 reversi
757 1974 840 2031 sunt
874 1967 909 2029 in
940 1967 1072 2044 urbem,
1102 1967 1228 2033 infecto
1262 1972 1404 2053 negotio

351 2069 555 2133 execrando.

309 2208 365 2248 ΡΛΟ.
389 2209 440 2246 ΗΝ.

299 2274 372 2345 251,
410 2274 440 2346 1,
455 2273 635 2338 morabatur
697 2270 789 2335 addit
807 2270 933 2349 Paris,
960 2272 1219 2354 gloriosiregis
1246 2280 1282 2336 et
1308 2294 1401 2339 mar·

717 2371 804 2452 tyris
820 2379 1005 2451 rogaturus
1022 2372 1064 2436 de
1081 2372 1303 2437 tribulatione
1319 2394 1399 2438 con-

718 2469 935 2534 solationem.

299 2634 349 2643 —
394 2596 448 2668 25,
468 2597 652 2663 arctissimis
696 2594 789 2660 addit
814 2595 941 2674 Paris,
979 2599 1061 2680 quia
1091 2619 1160 2662 non
1196 2600 1402 2667 invenerunt

719 2706 916 2778 promptum
934 2697 1081 2761 fabrum.
1120 2699 1277 2764 Vocatus
1294 2702 1402 2783 igitur

631 2851 636 2859 .
718 2794 816 2860 faber
846 2797 984 2880 quidam
1014 2804 1054 2860 ut
1077 2808 1264 2881 apponeret
1291 2821 1402 2882 genus

719 2896 891 2977 quoddam
911 2897 1125 2979 compedum,
1152 2900 1211 2982 qui
1234 2909 1402 2965 vocantur

718 2994 848 3072 annuli,
891 2996 1129 3077 interrogavit,
1173 2999 1272 3082 cujus
1305 3001 1399 3064 tibiis

717 3093 796 3157 illos
811 3104 1020 3178 apponeret3
1048 3104 1083 3160 et
1097 3098 1308 3180 respondens
1325 3101 1402 3182 qui-

719 3192 798 3256 dam
823 3213 941 3258 eorum
964 3197 1025 3272 ait,
1043 3196 1216 3261 ‘Huberti
1233 3198 1276 3262 de
1293 3199 1396 3277 Burc,

718 3293 910 3357 seductoris
927 3297 1076 3359 convicti
1096 3304 1132 3360 et
1146 3295 1306 3378 fugitivi?
1349 3299 1399 3366 At

718 3391 814 3455 faber
828 3414 872 3457 ex
891 3395 963 3457 alto
984 3394 1112 3458 ducens
1132 3398 1316 3478 suspirium
1339 3400 1398 3478 ait,

718 3492 823 3555 ‘Fiat
846 3494 888 3556 de
909 3513 964 3556 me
987 3494 1154 3577 judicium
1187 3497 1279 3578 quod
1303 3499 1400 3562 vobis

718 3588 851 3672 placet3
892 3593 1096 3676 propitietur
1136 3594 1232 3659 Deus
1274 3598 1398 3663 animae

718 3709 816 3766 meae,
846 3693 935 3756 vivit
966 3694 1057 3756 enim
1092 3694 1274 3772 Dominus,
1310 3717 1398 3761 nun-

718 3807 821 3868 quam
843 3789 954 3854 ferrea
968 3793 1106 3856 vincula
1130 3812 1304 3877 apponam
1325 3798 1396 3876 illi;

718 3894 822 3950 antea
833 3891 961 3953 moriar
975 3912 1179 3974 quocunque
1192 3894 1397 3961 discrimine.

719 3985 846 4052 Nonne
866 3996 920 4052 est
941 3991 1006 4054 iste
1031 3991 1212 4056 Hubertus
1240 3993 1398 4060 fidelissi·

718 4106 794 4149 mus
808 4096 844 4150 et
859 4091 1108 4169 magnanimus,
1125 4094 1186 4174 qui
1209 4094 1312 4157 toties
1334 4097 1399 4159 eri-

718 4186 795 4267 puit
820 4185 982 4269 Angliam
1008 4208 1030 4252 a
1054 4194 1251 4257 vastatione
1277 4195 1397 4259 alieni·

718 4305 895 4364 genarum,
917 4295 953 4352 et
970 4289 1121 4354 restituit
1145 4292 1307 4374 Angliam
1322 4292 1397 4358 An-

716 4385 822 4464 gliael
861 4386 931 4464 Qui
948 4389 1092 4453 servivit
1109 4398 1179 4454 tam
1197 4402 1398 4460 constanter

716 4492 750 4548 et
782 4485 927 4550 fideliter
957 4489 992 4551 in
1026 4488 1212 4569 Gasconia,
1238 4493 1273 4555 in
1302 4494 1394 4558 Nor-

715 4586 864 4662 mannia,
891 4594 927 4651 et
950 4588 1044 4666 alibi,
1062 4592 1136 4672 regi
1156 4592 1307 4657 Johanni
1331 4615 1395 4659 suo
