3384 5625
289 757 355 822 lot
657 770 857 816 uncrrorrns
882 770 1014 816 vaura.

292 963 328 1018 et
362 953 449 1034 regii
481 951 629 1014 ministri
661 958 697 1013 et
726 951 988 1014 excellentiores
1018 950 1169 1014 civitatis
1199 949 1331 1013 crimen
1360 951 1398 1013 in

292 1053 516 1117 Willelmum.
586 1049 743 1132 Cumque
781 1050 1020 1114 circundarent
1054 1069 1133 1113 eum
1171 1050 1320 1129 reg-ales
1358 1059 1400 1114 ut

293 1154 406 1235 ipsum
439 1158 602 1233 caperent
636 1150 772 1226 armati,
802 1158 879 1213 erat
908 1151 998 1213 enim
1026 1149 1221 1212 Willelmus
1252 1169 1401 1231 genero-

295 1272 356 1315 sus
385 1258 420 1314 et
450 1251 661 1313 clarissimus
693 1250 729 1311 in
758 1250 912 1326 civitate,
943 1258 978 1313 et
1008 1268 1151 1331 corpore
1181 1268 1331 1329 magnus
1363 1258 1400 1313 et

296 1352 429 1415 viribus
460 1350 595 1430 integer
623 1356 659 1411 et
684 1356 859 1422 strenuus
891 1348 1030 1431 elapsus
1059 1356 1114 1411 est
1141 1349 1261 1412 invitis
1292 1348 1400 1412 omni·

298 1452 375 1526 hus,
401 1448 477 1511 sola
503 1450 577 1511 sica
607 1467 645 1512 se
675 1446 888 1528 defendens3
921 1457 956 1512 et
985 1448 1120 1529 fugiens
1149 1448 1185 1509 in
1215 1448 1400 1512 ecclesiam

300 1556 431 1612 sanctae
445 1546 570 1611 Mariae
586 1546 629 1610 de
647 1546 806 1610 Arcuhus
826 1567 915 1626 sese,
938 1554 979 1611 ut
992 1546 1116 1610 ibidem
1140 1548 1185 1609 ah
1202 1548 1403 1610 imminente

298 1657 409 1713 morte
433 1653 469 1710 et
484 1647 643 1728 captione
666 1646 883 1724 liberaretur,
908 1648 1049 1730 recepit,
1073 1646 1254 1728 postulans
1279 1665 1402 1729 pacem

299 1756 336 1811 et
351 1748 600 1829 protectionem
615 1746 758 1809 Domini
775 1752 811 1809 et
825 1748 937 1810 beatae
952 1747 1076 1809 Maria·
1093 1754 1129 1809 et
1145 1754 1277 1809 sanctae
1294 1746 1401 1809 eccle-

299 1848 374 1922 siae,
395 1863 554 1908 asserens
568 1864 607 1907 se
624 1865 694 1909 non
710 1852 853 1927 propter
868 1845 962 1909 aliud
984 1846 1103 1927 iniquo
1117 1843 1251 1928 judicio
1277 1853 1401 1927 poten·

300 1956 375 2010 tum
400 1945 580 2021 restitisse,
596 1945 663 2007 nisi
688 1953 728 2007 ut
746 1964 866 2008 omnes
888 1945 964 2027 pari
984 1943 1133 2026 pondere
1153 1952 1404 2025 premerentur,

301 2052 338 2109 et
354 2044 482 2125 singuli
498 2044 604 2126 juxta
619 2063 702 2107 suas
715 2043 900 2108 facultates
916 2044 1183 2107 contribuerent.
1233 2043 1302 2107 Sed
1326 2063 1404 2107 cum

302 2163 371 2207 non
388 2143 623 2220 exaudiretur,
640 2153 676 2208 et
695 2143 901 2225 praevaleret
925 2162 1008 2226 pars
1033 2142 1214 2226 maJorum,
1237 2145 1405 2226 praecepit

302 2242 591 2324 archiepiscopus,
622 2262 692 2306 non
719 2243 794 2306 sine
820 2244 1005 2307 multorum
1032 2243 1270 2319 admiratione,
1295 2251 1337 2307 nt
1362 2244 1406 2306 ah

303 2342 450 2405 ecclesia
476 2342 646 2404 violenter
668 2342 909 2406 extraheretur
931 2343 1100 2425 judicium
1125 2342 1315 2419 subiturus,
1346 2344 1406 2425 qni

303 2440 506 2503 seditionem
532 2441 641 2503 movit
655 2442 691 2503 in
710 2441 852 2505 civitate
869 2450 905 2505 et
922 2449 1057 2505 tantum
1082 2442 1250 2524 populum
1269 2451 1406 2525 pertur-

304 2542 459 2603 baverat.
503 2538 605 2617 Quod
621 2558 698 2603 cum
715 2540 891 2605 Willelmo
906 2542 1135 2618 nuntiaretur,
1152 2560 1190 2604 se
1207 2542 1355 2606 festinus
1372 2543 1406 2606 in

304 2640 427 2703 turrim
445 2639 599 2703 ecclesiae
613 2641 764 2722 recepit;
788 2642 1033 2705 noverateuim
1046 2641 1121 2723 jam
1136 2643 1226 2722 quod
1245 2643 1408 2725 majores,

306 2740 432 2822 quibos
449 2739 719 2819 contradixerat,
736 2741 886 2804 animam
901 2741 976 2825 ejus
991 2742 1201 2823 quaerebant.
1245 2741 1408 2808 Protervi

307 2850 424 2903 autem
446 2841 628 2916 instantes,
655 2843 835 2923 supposito
861 2843 953 2922 igne,
969 2861 1132 2923 magnam
1151 2843 1307 2906 eeclesiae
1327 2864 1408 2926 par·

306 2947 375 3002 tem
394 2941 666 3015 combusserunt,
683 2940 902 3021 sacrilegium
921 2947 1056 3004 tantum
1078 2960 1147 3004 non
1170 2942 1407 3008 abhorrentes.

308 3036 459 3101 Coactus
479 3045 532 3100 est
552 3036 660 3118 igitur
676 3038 874 3103 Willelmns
898 3059 920 3102 a
938 3042 1025 3104 turri
1050 3041 1268 3119 descendere,
1295 3044 1410 3108 calore

308 3144 344 3199 et
358 3135 453 3199 fumo
469 3156 567 3218 paene
583 3136 783 3202 suffocatus.
816 3138 950 3221 Captus
965 3147 1018 3203 est
1034 3140 1141 3221 igitur
1154 3149 1189 3204 et
1204 3143 1248 3204 ab
1263 3144 1411 3207 ecclesia

308 3235 476 3299 violenter
491 3242 682 3315 extractus
699 3239 928 3321 exspoliatus,
945 3246 992 3316 et,
1007 3240 1133 3303 vinctis
1149 3241 1307 3304 manibus
1331 3251 1411 3325 post

310 3343 443 3417 tergum
469 3344 504 3399 et
525 3336 682 3418 pedibuS,
708 3337 751 3401 ad
777 3339 921 3403 caudam
945 3340 1025 3421 equi
1047 3338 1196 3404 trahitur
1219 3340 1263 3404 ad
1288 3343 1412 3406 turrim

310 3435 584 3499 Londoniensem
609 3438 886 3503 incarcerandus,
938 3438 984 3502 Et
1001 3439 1069 3502 cito
1091 3446 1182 3520 post,
1204 3440 1255 3503 sic
1272 3441 1413 3506 volente

309 3535 567 3617 archiepiscopo
590 3543 624 3599 et
641 3537 685 3599 ad
708 3537 744 3600 id
766 3558 842 3601 eum
861 3538 1118 3602 stimulantibus
1134 3539 1414 3605 eminentioribus

312 3635 445 3697 civibus
471 3643 506 3697 et
532 3636 699 3698 ministris
733 3637 850 3717 regiiS,
881 3638 1005 3702 iterum
1039 3639 1171 3721 rapitur
1197 3657 1219 3702 a
1250 3641 1351 3716 turri,
1378 3650 1414 3706 et

310 3733 440 3813 ligatus
465 3733 508 3796 ad
538 3733 684 3796 caudam
711 3735 873 3816 equinam
900 3737 944 3800 ad
972 3737 1148 3802 Ulmetum
1174 3758 1236 3821 per
1262 3739 1413 3805 medium

313 3830 463 3894 Londini
501 3831 660 3910 trahitur,
700 3835 863 3898 miserum
898 3837 1096 3901 concivibus
1139 3839 1212 3901 suis
1256 3841 1415 3921 praebens

312 3930 560 4013 spectaculum,
583 3938 618 3995 et
646 3933 763 4014 generi
787 3953 863 4012 suo,
887 3937 978 4017 quod
1006 3936 1210 4018 praeclarum
1238 3938 1359 4004 habuit
1379 3942 1416 4004 in

313 4033 475 4111 civitate3
516 4039 551 4096 et
585 4052 773 4116 suspensus
804 4043 857 4099 est
891 4056 952 4118 per
983 4044 1139 4100 catenam
1175 4037 1210 4099 in
1245 4039 1413 4119 patibulo.

315 4132 361 4195 Et
384 4133 433 4195 sic
460 4132 656 4197 Willelmus
688 4133 801 4198 dictus
830 4136 1004 4201 Barbatus
1032 4137 1088 4200 vel
1117 4136 1245 4213 Barba,
1273 4157 1336 4219 pro
1361 4158 1414 4202 as

315 4232 464 4294 sertione
489 4233 646 4296 veritatis
666 4240 701 4296 et
725 4255 788 4316 pro
815 4255 920 4300 causa
940 4255 1130 4318 pauperum
1152 4236 1292 4313 tuenda,
1314 4239 1417 4302 morti

315 4330 462 4392 traditur
489 4349 510 4392 a
530 4333 729 4396 concivibus
754 4335 825 4397 suis
848 4336 1096 4417 ignominiose;
1119 4336 1210 4399 unde
1233 4354 1308 4399 eum
1339 4357 1417 4401 con-

317 4436 386 4491 stet
419 4447 559 4491 causam
591 4438 777 4514 martyrem
811 4434 937 4511 lacere,
967 4435 1057 4497 inter
1086 4444 1255 4518 martyres
1283 4436 1418 4499 videtur

318 4528 439 4590 merito
471 4531 733 4611 computandus
786 4532 953 4616 Suspensi
986 4540 1101 4597 autem
1144 4543 1225 4598 sunt
1262 4554 1339 4598 cum
1376 4555 1417 4599 eo
