3384 5625
663 780 866 828 uxorrouns
890 780 1023 832 vaura.
1326 763 1393 830 825

342 960 495 1026 dicentes
510 961 619 1044 ipsius
636 960 866 1027 humilitatem
883 981 960 1025 cum
977 960 1233 1044 pulchritudine
1247 960 1391 1026 admira·

342 1060 413 1137 bili,
438 1062 605 1144 optimam
630 1061 857 1125 successionis
883 1067 918 1124 et
944 1061 1157 1143 posteritatis
1186 1060 1391 1127 felicissimae

341 1179 438 1243 spem
462 1168 704 1243 conceperunt.
756 1160 948 1242 Hospitata
976 1167 1028 1224 est
1049 1168 1163 1224 autem
1189 1160 1393 1243 imperatrix

342 1260 379 1323 in
409 1261 517 1323 nobili
541 1260 672 1342 palatio
696 1279 800 1342 opere
825 1260 1033 1323 cementario
1058 1267 1254 1324 constructo
1283 1258 1394 1323 arohi-

342 1360 508 1441 episcopi,
536 1360 595 1423 ubi
623 1379 685 1441 per
717 1365 826 1422 totam
862 1367 997 1423 noctem
1028 1358 1162 1422 choreae
1200 1358 1392 1440 puellarum

342 1457 538 1522 canentium
573 1477 650 1521 cum
690 1456 835 1521 diversis
869 1457 1107 1521 instrumentis
1142 1457 1281 1520 musicis
1314 1476 1392 1538 per·

342 1557 553 1639 strepebant,
575 1564 615 1620 ut
635 1556 712 1639 ipsa
736 1556 940 1638 imperatrix
961 1556 1037 1637 ipso
1058 1557 1185 1638 gaudio
1205 1555 1392 1632 foveretur,

343 1656 497 1737 glorians
531 1657 568 1719 in
607 1655 719 1719 medio
755 1654 1021 1738 juvencularum
1060 1655 1391 1737 tympanistriarum.

344 1754 380 1819 N
382 1775 420 1819 ec
438 1755 547 1819 defuit
563 1754 744 1836 diligentia
761 1754 907 1818 militum
930 1762 1139 1818 armatorum
1157 1773 1260 1836 super
1276 1772 1392 1817 muros

343 1861 379 1917 et
403 1854 440 1917 in
461 1856 538 1937 ipsa
561 1855 716 1931 civitate,
739 1863 882 1936 propter
903 1852 1045 1917 hostiles
1072 1852 1214 1916 insidias
1235 1852 1392 1916 noctibus

343 1955 600 2018 excubantium.

291 2076 369 2214 dih,
384 2077 644 2221 dhfiliumsurun
692 2136 800 2199 filium
825 2155 925 2199 suum
947 2135 1138 2199 Henricum
1164 2154 1281 2216 regem
1308 2134 1392 2200 Ale·

713 2236 874 2299 manniae.

289 2401 343 2412 -
388 2362 441 2434 35,
454 2359 518 2443 ejus
527 2360 644 2424 uberi
691 2358 959 2422 misericordiam
981 2357 1090 2441 ipsius
1121 2377 1200 2421 cum
1231 2357 1393 2440 lacrymis

461 2459 601 2523 cordiam
713 2465 748 2522 et
764 2458 985 2540 singultibus

290 2625 344 2635 -
389 2583 516 2658 36,sino
526 2583 644 2647 misem
692 2601 761 2644 non
796 2581 909 2644 adhuc
952 2581 1075 2663 spiritu
1117 2588 1293 2662 conceptae
1331 2581 1392 2647 irae

459 2682 567 2746 cordio
713 2680 863 2744 maxime
879 2679 1050 2761 mitigato.

293 2807 369 2882 337,
409 2808 438 2883 2,
455 2791 644 2871 nii...o'eni-
693 2801 838 2865 Laxatis
862 2808 976 2866 autem
998 2801 1158 2880 vinculis,
1182 2811 1217 2868 et
1241 2803 1323 2870 loris
1347 2806 1392 2871 ob

459 2915 505 2968 ret
520 2905 632 2970 ibidem
713 2901 864 2982 regalem
890 2902 1117 2965 reverentiam
1144 2903 1393 2987 aliquantisper

713 3000 904 3078 dissolutis,
923 3000 1050 3064 dicitur
1071 3001 1162 3065 filius
1182 3003 1275 3085 patri
1292 3024 1391 3069 vene-

714 3119 795 3162 num
810 3118 1014 3180 procurasse
1027 3118 1036 3177 ;
1061 3119 1164 3182 super
1178 3121 1248 3184 quo
1265 3103 1393 3168 scelere

714 3205 909 3273 accusatus
928 3197 1072 3263 vinculis
1098 3200 1222 3264 iterum
1245 3201 1392 3266 duriori·

713 3298 778 3359 bus
813 3298 1040 3380 mancipatus
1078 3298 1225 3363 traditur
1255 3301 1391 3366 cuidam

714 3395 793 3459 duci
813 3397 1068 3474 custodiendus,
1091 3399 1150 3480 qui
1172 3418 1250 3462 eum
1271 3400 1391 3465 oderat

713 3495 918 3558 inexorabili
956 3496 1047 3573 odio,
1080 3498 1162 3579 quia
1194 3497 1277 3562 totis
1308 3498 1390 3563 nisi·

712 3595 777 3656 bus
792 3612 869 3656 eum
884 3603 1111 3676 proposuerat
1126 3596 1312 3678 praedictus
1327 3618 1391 3662 rex

713 3691 888 3755 Henricus
918 3693 1151 3772 exhaeredare,
1186 3695 1246 3759 sed
1287 3717 1388 3773 nunc,

712 3791 871 3856 revoluta
889 3799 966 3856 rota
980 3792 1140 3871 fortunae,
1156 3794 1305 3862 traditur
1327 3816 1392 3860 rex

712 3891 854 3953 arbitrio
868 3891 965 3954 ducis
981 3892 1257 3959 incarcerandus.
1291 3895 1391 3959 Misit

710 3986 817 4068 igitur
832 3987 1019 4071 imperator
1036 4010 1099 4072 pro
1113 3991 1340 4073 imperatrice,
1351 4001 1391 4058 ut

711 4086 755 4150 ad
786 4106 863 4150 eum
889 4087 980 4171 apud
1011 4089 1237 4155 Wermesiam
1268 4110 1391 4176 prope·

711 4191 815 4249 naret.

284 4356 342 4369 ..
388 4315 440 4389 13,
449 4311 571 4396 podia,
688 4290 875 4393 puellaris;
911 4310 1006 4375 illam
1034 4313 1136 4391 enim,
1170 4321 1210 4377 ut
1239 4314 1390 4380 crebrius

459 4432 552 4496 quum
712 4410 856 4475 audivit.

283 4580 342 4593 ...
389 4539 443 4611 15,
461 4533 573 4600 itidem
689 4532 782 4596 addit
798 4533 924 4610 Paria,
943 4534 1197 4600 matrimonium
1217 4536 1389 4603 initiatum

712 4633 991 4696 consummando.
