3384 5625
641 789 930 838 turnonucrrnrv.
1301 775 1338 837 xi

237 971 382 1034 vallavit
414 978 448 1033 et
480 990 556 1033 eam
591 971 655 1033 sibi
690 972 905 1056 subjugavit.
974 971 1110 1035 Deinde
1142 970 1336 1036 Eboracum

240 1070 451 1153 properavit,
469 1077 505 1133 et
522 1071 639 1133 urbem
658 1078 695 1134 et
710 1073 804 1135 cives
821 1073 912 1135 ferro
929 1072 1136 1154 flammaque
1152 1073 1338 1136 miserabili

241 1169 447 1234 exterminio
479 1169 688 1234 devastavit.
751 1171 887 1235 Deinde
918 1180 1036 1254 partes
1070 1170 1209 1253 Angliae
1242 1173 1340 1254 aqui-

243 1269 381 1333 lonares
399 1268 573 1333 hostiliter
592 1270 712 1333 adiens
735 1279 846 1335 terras
870 1272 997 1335 Scotiae
1019 1272 1250 1337 conterminas
1266 1273 1339 1336 suis

239 1369 361 1432 incolis
371 1370 407 1430 in
419 1389 478 1432 ore
489 1369 595 1450 gladii
611 1369 781 1447 viduavit,
796 1372 916 1453 iraque
932 1390 1118 1434 succensus
1133 1370 1338 1448 vehementi,

241 1488 284 1531 eo
306 1467 466 1531 videlicet
486 1468 577 1549 quod
605 1470 737 1534 nobiles
762 1470 901 1552 Angliae
926 1471 1092 1553 profugos
1117 1478 1339 1553 receptasset,

243 1569 408 1630 adversus
438 1588 555 1648 regem
585 1568 808 1633 Maleolmnm
832 1571 946 1652 ipsum
973 1570 1145 1634 hostiliter
1174 1571 1340 1653 impetere

244 1667 434 1749 proposuit.
490 1666 558 1729 Sed
591 1668 800 1732 Malcolmus
829 1669 979 1753 impetus
1012 1669 1088 1751 ejus
1121 1670 1340 1733 vehementer

242 1767 429 1829 formidans
454 1767 486 1829 ei
511 1766 669 1830 dextram
696 1768 802 1845 dedit,
825 1777 861 1833 et
885 1769 960 1852 ejus
982 1768 1195 1831 ferocitatem
1219 1788 1339 1832 mnne·

243 1866 338 1928 ribus
352 1865 537 1947 mitigavit.

503 2048 553 2110 Dc
568 2010 755 2112 evidentioris¹
764 2050 897 2113 douram
909 2050 948 2113 ds
954 2058 1090 2133 papatu.

296 2174 376 2240 Hoc
398 2178 504 2240 etiam
530 2187 697 2262 tempore,
723 2182 847 2246 Romae
870 2181 1073 2246 Alexandro
1096 2189 1131 2245 et
1147 2180 1277 2246 Cadelo
1299 2182 1341 2245 de

245 2283 375 2358 papatu
403 2279 701 2358 contendentibus,
724 2282 881 2345 Mantuae
909 2282 1061 2364 synodus
1084 2290 1340 2363 congregatum

245 2382 280 2437 et
312 2375 485 2440 mediante
518 2378 664 2457 Amone,
697 2380 895 2445 Coloniensi
931 2381 1200 2463 archiepiscopo,
1235 2380 1343 2444 Alex-

247 2473 355 2537 andro
381 2473 424 2538 de
450 2481 609 2558 symonia
630 2500 669 2543 sc
694 2488 878 2562 purgante,
900 2481 935 2544 in
958 2481 1039 2544 sede
1061 2482 1253 2562 apostolica
1274 2488 1343 2543 sta-

246 2573 368 2647 tuitur,
398 2582 433 2637 et
462 2575 593 2642 Cadelo
617 2581 805 2661 expellitur
830 2581 1061 2662 symoniacus.
1115 2578 1244 2644 Eodem
1259 2587 1343 2643 tem-

245 2690 328 2753 pore
343 2679 475 2755 septem
493 2678 602 2741 millia
623 2679 801 2743 hominnm
821 2679 942 2743 orandi
964 2680 1078 2760 gratia
1105 2679 1342 2744 lerosolimam

245 2778 401 2854 petentes
427 2775 472 2837 ab
496 2774 670 2842 Arabibus
696 2779 731 2842 in
757 2797 945 2861 parasceve
971 2778 1102 2843 obsessi
1132 2779 1168 2842 in
1193 2777 1342 2863 quodam

245 2879 359 2935 castro
376 2874 457 2936 oaesi
474 2885 568 2954 sunt,
583 2887 618 2942 et
635 2879 779 2943 totidem
796 2879 946 2943 letaliter
962 2877 1143 2942 vulnerati.

419 3120 527 3184 Natos
542 3127 584 3182 cst
600 3119 666 3204 rapi
689 3117 841 3181 Willolmo
858 3117 1013 3182 Henvv‘ctts
1022 3118 1159 3202 primas.

299 3259 402 3324 Anno
427 3260 568 3323 Domini
586 3274 748 3321 nnxvrlr.
770 3265 875 3321 natus
897 3265 951 3322 est
968 3259 1041 3340 regi
1059 3258 1236 3322 Willelmo
1253 3256 1344 3321 filius

246 3362 282 3423 in
299 3359 430 3440 Anglia
452 3366 487 3422 et
508 3365 655 3421 vocatus
677 3364 731 3420 est
754 3354 952 3433 Henricus3
984 3377 1062 3419 nam
1094 3357 1344 3438 primogenitus

251 3459 445 3524 Willelmns
474 3457 589 3521 Ruths
616 3465 651 3520 et
682 3456 857 3519 Robertus
882 3457 918 3518 in
945 3453 1159 3518 Normannia
1179 3455 1253 3517 nati
1272 3454 1345 3517 fue·

249 3566 332 3622 runt
358 3566 543 3640 antequam
570 3563 811 3638 paternorum
841 3554 1006 3636 Angliam
1035 3552 1101 3616 sibi
1128 3552 1344 3635 subjugaret.

250 3658 448 3741 Eodemque
478 3675 568 3720 anno
596 3675 659 3718 rex
687 3654 884 3719 Willelmns
917 3654 1071 3718 Roberto
1103 3652 1219 3716 comiti
1251 3652 1346 3716 dedit

251 3756 510 3822 Nerthumbriae
536 3755 759 3834 comitatum;
793 3755 829 3816 in
859 3773 961 3836 quem
987 3751 1142 3816 homines
1174 3751 1266 3815 illins
1293 3772 1345 3815 re·

248 3855 364 3938 gionis'
386 3855 557 3919 hostiliter
578 3855 795 3935 insurgentes
818 3855 932 3934 ipsum
954 3872 1031 3916 cum
1054 3851 1238 3932 nongentis
1262 3851 1345 3914 viris

247 3957 284 4019 in
307 3976 367 4020 ore
392 3953 499 4037 gladii
522 3960 754 4035 peremerunt.
807 3953 887 4016 Rex
912 3960 1028 4016 autem
1053 3950 1261 4026 Willelmns,
1286 3950 1345 4032 qui

249 4055 314 4119 hoc
337 4055 481 4128 audivit,
499 4052 745 4134 superveniens
767 4070 887 4132 omnes
909 4050 1012 4134 hujus
1036 4050 1084 4113 rei
1111 4057 1268 4112 auctores
1291 4066 1346 4112 us-

248 4174 316 4236 que
350 4154 393 4217 ad
433 4171 542 4216 unum
576 4151 715 4215 delevit.
785 4152 917 4215 Diebus
949 4168 1086 4232 quoque
1123 4149 1187 4210 sub
1218 4147 1345 4211 eisdem

251 4252 371 4334 Angli,
407 4253 465 4335 qui
498 4271 593 4315 more
626 4249 856 4333 Trojanorum
890 4256 925 4313 et
954 4249 1098 4312 aliorum
1130 4246 1346 4310 orientalium

249 4353 375 4416 barbas
390 4352 600 4426 nutrierunt,
623 4350 782 4431 exemplo
806 4347 841 4412 N
843 4367 1085 4412 ermannorum
1103 4366 1161 4411 eas
1177 4355 1347 4422 raserunt,

249 4470 329 4515 nam
350 4458 454 4515 antea
477 4451 536 4533 qni
562 4450 737 4513 caesariem
758 4450 795 4512 in
818 4448 995 4512 cincinnos
1021 4466 1173 4511 crescere
1205 4446 1346 4529 permit-

252 4553 384 4625 tebant,
414 4549 490 4633 jam
524 4551 635 4632 ipsam
674 4549 717 4613 ad
754 4548 914 4612 humeros
943 4547 1194 4625 totondebant3
1219 4553 1271 4616 ,et
1298 4546 1347 4608 sic
