3384 5625
673 789 872 837 nncmouns
896 791 1029 839 vnmm.
1335 778 1400 843 139

294 908 350 1046 iii,
388 908 444 1046 ili,
461 968 644 1035 abominati·
694 973 896 1038 alimentum
930 976 1017 1040 adeo
1049 977 1325 1056 abominabatur,
1358 988 1398 1044 ut

460 1093 567 1133 onera.
585 1120 592 1133 .
611 1119 644 1134 ..
716 1094 778 1156 per
795 1095 919 1138 novem
936 1075 1122 1159 aliquando
1138 1076 1211 1141 dies
1237 1078 1284 1142 nii
1309 1100 1397 1162 prae-

457 1168 604 1254 prabdato
717 1181 771 1237 ter
792 1174 962 1239 modicam
988 1195 1089 1259 aquae
1114 1178 1239 1260 tepidae
1268 1180 1398 1261 portio-

453 1268 628 1333 dacambens
718 1293 794 1336 nem
822 1276 1034 1357 susceperit3
1073 1276 1169 1341 nulla
1194 1278 1226 1341 ei
1253 1280 1398 1343 medico

719 1393 794 1436 rum
831 1374 1004 1438 industria
1034 1383 1172 1458 poterat
1204 1379 1399 1453 subvenire,

717 1472 792 1535 solo
816 1474 940 1555 spiritu
962 1475 1114 1551 vivebat,
1141 1478 1330 1560 mortisque
1356 1479 1399 1540 si-

717 1573 906 1635 mulacrum
917 1573 1109 1651 videbatnr,
1122 1576 1299 1640 medicinae
1316 1597 1398 1641 con-

717 1671 824 1734 traria
840 1672 897 1735 vel
918 1671 1003 1735 nihil
1020 1675 1264 1756 operabantur.
1309 1676 1398 1740 Lan·

587 1845 592 1850 -
718 1771 847 1851 guebat
863 1770 970 1852 igitur
984 1772 1074 1836 lecto
1093 1771 1279 1840 decubans,

297 1929 347 1940 -
393 1896 447 1970 20,
464 1892 597 1956 circium
695 1894 847 1975 penitus.

297 2053 348 2062 —
393 2020 445 2093 33,
462 2026 489 2080 et
503 2018 565 2080 Dei
697 2038 758 2082 nec
777 2018 964 2083 aDomini.

297 2143 352 2213 98,
394 2142 445 2215 11,
457 2149 632 2225 pereutere·
696 2151 981 2207 convocarentur.

463 2250 515 2302 tar

296 2398 348 2409 -
394 2364 447 2438 12,
464 2384 622 2447 oppressus
697 2361 852 2442 arripuit.

464 2471 507 2525 est

298 2623 348 2632 —
393 2588 445 2661 25,
458 2584 641 2669 madefactis
697 2582 983 2646 madescentibus.

297 2746 348 2754 —
392 2712 445 2786 33,
464 2710 637 2793 sceptratus
698 2705 933 2769 exanimatum
968 2728 1030 2772 nec
1065 2710 1400 2775 reconvalescentem

464 2855 498 2870 ..
519 2857 527 2872 .
550 2830 648 2873 cerne
717 2803 754 2867 in
771 2805 888 2889 aliquo
902 2809 1099 2872 cernebant.

462 2917 548 2972 retur

299 3033 372 3107 101,
410 3033 444 3105 9,
452 3029 623 3114 paulatum
695 3010 782 3092 deest.

299 3156 372 3231 192,
388 3157 439 3231 15,
458 3176 543 3238 quem
554 3155 647 3218 ...ire
696 3151 756 3234 qui
840 3172 895 3216 me
908 3153 1081 3218 invitavit.

462 3255 564 3317 ettam

297 3415 348 3425 —
393 3381 444 3455 18,
459 3388 598 3442 uocatam
697 3375 981 3439 demonstratum.

297 3535 349 3545 -
393 3501 444 3575 29,
460 3499 554 3563 lutere
571 3547 622 3565 ...
638 3548 646 3563 .
697 3498 864 3563 crucifixo
883 3506 1018 3562 tantum
1034 3499 1176 3562 cruoris.

464 3619 602 3662 occurerre

297 3762 348 3774 -
392 3723 444 3797 30,
459 3722 586 3806 Suscepi
698 3719 878 3804 Suscepta.

296 3880 348 3892 -·
392 3847 446 3922 32,
462 3845 571 3909 caindo
697 3845 751 3910 iis.

300 3969 373 4043 196,
390 3970 442 4044 14,
457 3968 529 4032 dinc
697 3968 785 4032 docet.

298 4127 349 4138 ——
393 4089 446 4167 17,
462 4091 593 4155 aare.
614 4141 647 4156 ..
699 4091 846 4154 sublatae
864 4097 900 4154 et
917 4088 1058 4153 alterius
1076 4090 1160 4172 ripae
1175 4089 1370 4197 profundae2

457 4191 623 4276 prffundn

298 4350 349 4359 —
393 4315 444 4390 26,
462 4314 511 4378 ito
525 4315 634 4378 media
699 4310 817 4374 arunt.

300 4439 373 4514 108,
411 4440 444 4512 4,
461 4459 518 4522 qao
699 4435 792 4519 quia.

298 4603 349 4613 -
394 4563 445 4636 19,
457 4571 650 4624 commearent
699 4560 922 4625 illustrarent.
