3384 5625
664 813 864 862 anemonas
892 813 1024 861 vania,
1332 796 1396 861 143

339 995 472 1058 vocatis
501 995 607 1076 igitur
638 996 756 1059 amicis
784 1015 1011 1079 quoscunque
1041 1002 1189 1078 poterat,
1214 995 1393 1059 confessus

338 1102 442 1158 estse
458 1096 569 1157 multa
592 1103 736 1178 peccata
755 1102 986 1177 perpetrasse,
1015 1095 1088 1171 sed,
1115 1096 1205 1159 unde
1228 1095 1307 1177 plus
1328 1096 1394 1159 sibi

339 1195 492 1270 timebat,
508 1195 599 1275 quod
616 1196 740 1258 amotis
756 1196 932 1258 monachis
944 1193 1236 1258 Coventrensibus
1251 1195 1394 1259 clericos

339 1294 577 1368 substituerat,
594 1295 653 1375 qui
671 1294 752 1375 vagi
768 1301 803 1357 et
820 1294 1056 1358 mendicantes
1073 1294 1138 1357 sibi
1155 1302 1193 1357 ut
1209 1302 1395 1376 potuerant

339 1393 577 1457 consulebant.
630 1392 771 1456 Etcum
792 1393 1014 1457 haesitassent
1031 1394 1209 1457 audientes
1233 1394 1316 1477 quid
1332 1395 1395 1456 im-

340 1511 396 1555 mo
413 1492 635 1575 injungerent
650 1492 681 1554 ei
699 1491 789 1556 dixit
805 1493 1002 1575 episcopus,
1019 1493 1121 1557 ‘Scio
1139 1493 1231 1574 quod
1254 1501 1396 1575 propter

340 1589 423 1655 facti
454 1591 692 1655 enormitatem
720 1592 802 1673 quid
830 1592 1023 1675 injungatis
1054 1594 1268 1674 poenitentiae
1297 1592 1394 1655 dubi-

339 1692 435 1754 tatis
476 1690 621 1754 Postulo
644 1690 832 1754 Dominum
851 1711 964 1754 meum
982 1692 1117 1775 justum
1141 1700 1176 1755 et
1200 1692 1394 1755 misericor-

340 1788 417 1852 dem
439 1797 479 1853 ut
500 1791 565 1852 sim
588 1790 624 1852 in
644 1791 846 1872 purgatorio
875 1810 985 1873 usque
1013 1791 1056 1853 ad
1082 1791 1171 1854 diem
1196 1791 1331 1873 judicii,
1357 1799 1396 1854 ut

342 1890 465 1952 saltem
479 1897 562 1953 tunc
578 1890 721 1969 salver3'
748 1887 905 1972 dixitque
920 1890 1038 1953 abbati
1057 1889 1100 1953 de
1125 1891 1250 1967 Becco,
1271 1890 1330 1971 qui
1346 1890 1394 1953 ibi

343 1996 429 2065 erat,
444 1988 621 2052 ‘Obsecro
645 1995 684 2051 ut
706 1989 875 2052 concedas
902 1989 985 2051 mihi
1006 1996 1045 2052 ut
1069 1991 1196 2053 moriar
1218 1990 1254 2052 in
1275 1990 1395 2053 habitu

342 2095 459 2151 vestro
487 2088 522 2151 iu
552 2088 680 2152 diaboli
709 2089 956 2165 confusionem,
984 2088 1084 2172 cujus
1115 2090 1281 2152 instinctu
1307 2109 1395 2171 prae-

344 2186 437 2251 dicta
467 2188 677 2270 perpetravi,
710 2189 810 2252 et'in
838 2188 1019 2258 monastici
1047 2188 1175 2253 ordinis
1207 2189 1396 2252 honorem.'

344 2286 390 2349 Et
417 2288 467 2350 sic
494 2288 620 2369 legatis
643 2287 800 2350 omnibus
825 2295 861 2351 et
887 2287 978 2352 datis
1007 2289 1228 2371 pauperibuS,
1254 2295 1396 2371 accepto

296 2469 298 2473 ι
343 2386 466 2450 salutis
491 2387 618 2451 viatico
646 2395 680 2450 et
701 2388 864 2450 inunctus
888 2389 953 2451 rite
975 2389 1186 2452 infirmorum
1204 2389 1292 2464 oleo,
1309 2388 1396 2451 divi-

343 2505 423 2549 nam
441 2487 606 2549 invocans
624 2487 891 2550 misericordiam
906 2488 1066 2570 spiritum
1081 2488 1239 2552 reddidit.
1280 2486 1395 2566 Quod,

343 2587 608 2668 procurantibus
628 2585 687 2667 qui
710 2586 789 2649 huic
807 2588 947 2650 eventui
970 2588 1169 2663 intererant,
1192 2588 1295 2650 simul
1317 2606 1395 2649 cum

344 2686 521 2749 monachis
561 2685 728 2768 expulsis,
766 2705 844 2748 cum
879 2686 1015 2749 domino
1051 2706 1151 2767 papae
1185 2686 1395 2760 innotuerat,

342 2786 507 2868 praecepit
541 2794 579 2851 ut
613 2786 768 2869 expulsis
806 2785 939 2850 clericis
969 2785 1192 2858 secularibus,
1225 2784 1284 2867 qui
1319 2785 1393 2869 jam

343 2885 511 2950 dissolute
522 2895 557 2950 et
569 2888 754 2950 enormiter
773 2886 942 2960 vivebant,
962 2886 1121 2950 monachi
1139 2894 1395 2950 revocarentur.

344 2986 391 3049 Et
407 2987 567 3069 quoniam
585 2987 678 3067 prior
692 2987 784 3049 illius
806 2986 874 3050 loci
898 2986 1074 3068 monachis
1093 2986 1314 3050 exulantibus
1338 2986 1395 3050 de-

342 3085 481 3149 functus
500 3086 575 3168 jam
594 3086 718 3161 suerat,
740 3086 1017 3168 archiepiscopus
1038 3085 1298 3150 Cantuariensis
1317 3086 1395 3148 Hu-

343 3186 473 3261 bertuS,
497 3186 558 3266 qui
585 3187 823 3249 executionem
851 3185 1115 3249 introductionis
1138 3206 1159 3249 a
1179 3205 1271 3268 papa
1299 3205 1393 3248 acce·

343 3292 454 3366 perat,
470 3285 623 3367 praefecit
638 3286 686 3348 eis
705 3287 852 3367 priorem
875 3285 1011 3349 nomine
1029 3285 1052 3348 J
1056 3286 1237 3359 oibertum,
1258 3287 1395 3349 natione

345 3382 596 3456 Normannum‚
612 3386 670 3466 qui
690 3392 830 3466 propter
856 3385 1073 3447 eminentiam
1091 3384 1282 3465 prudentiae
1299 3403 1397 3447 secu-

343 3482 425 3546 laris
441 3492 511 3547 tres
526 3485 711 3566 prioratuS,
731 3485 774 3548 de
789 3485 979 3559 Daventre,
997 3482 1039 3547 de
1058 3484 1236 3557 Weneloc,
1254 3483 1296 3545 de
1311 3485 1396 3546 Ber*

343 3583 553 3660 mundeseia,
570 3592 769 3666 susceperat
783 3584 825 3647 ad
841 3583 1049 3664 regendum3
1070 3584 1128 3666 qui
1141 3583 1305 3646 contiuuo
1318 3602 1394 3646 cum

343 3684 486 3746 consilio
501 3683 746 3747 monachorum
763 3685 805 3748 de
820 3684 987 3748 electione
1003 3685 1156 3766 episcopi
1176 3690 1326 3748 tractare
1343 3682 1395 3743 in-

342 3784 484 3864 cipiens,
511 3785 683 3847 communi
711 3784 956 3848 deliberatione
987 3782 1193 3848 Gaufridum
1228 3782 1270 3846 de
1299 3781 1396 3844 Mus-

341 3882 466 3964 ehamp
484 3884 684 3964 elegerunt?

303 4022 360 4058 Pto.
383 4023 436 4059 [ΙΝ.

294 4081 368 4158 127,
404 4084 660 4158 emanantem
695 4086 916 4149 indicatione.

260 4230 343 4251 ·—
387 4209 441 4283 14,
459 4208 550 4292 quasi
693 4228 843 4290 quoque.

294 4331 366 4405 128,
407 4333 436 4405 5,
445 4329 643 4394 Oeneantrec‘a
696 4328 974 4392 Bermuudeseia.

291 4488 342 4497 —
388 4455 442 4546 19,
457 4453 492 4515 in
509 4453 629 4537 capella
694 4454 802 4518 desunt
818 4475 839 4514 a
859 4453 906 4515 Oe.
924 4461 951 4513 et
966 4453 1007 4516 lt.

456 4563 568 4615 sancte
576 4554 615 4614 K
611 4576 645 4615 a·

457 4651 582 4713 theriace
