3384 5625
291 776 356 840 132
664 795 864 843 uncrronns
886 794 1018 842 viarm.

346 976 472 1056 gaudio
486 974 700 1039 liberationis
712 995 797 1053 suae,
809 971 1060 1041 convivantem.
1099 974 1212 1053 Quem
1228 968 1419 1061 Sylvanus

346 1094 500 1137 seorsum
524 1095 673 1139 evocans
695 1083 730 1139 et
746 1078 912 1139 secretius
932 1076 1124 1157 alloquenS,
1141 1076 1223 1156 quia
1242 1075 1401 1154 ignotum

348 1192 386 1236 se
413 1174 601 1250 simulavit,
625 1166 726 1251 diiit,
750 1173 906 1251 ‘Amica
934 1174 1036 1237 redde
1059 1174 1150 1256 quod
1178 1173 1306 1237 debes.'
1351 1171 1404 1235 At

348 1274 422 1354 ipse
439 1282 538 1337 torvo
556 1275 653 1338 vultu
672 1274 862 1356 respondit,
880 1274 992 1352 ‘Quis
1011 1276 1074 1336 tul
1128 1272 1220 1351 Quid
1249 1271 1363 1353 exigis
1374 1271 1401 1335 l'

348 1370 399 1435 At
413 1373 483 1449 ille,
499 1380 507 1406 ‘
523 1372 725 1454 Quingenta
739 1374 872 1438 talenta
889 1372 973 1435 mihi
990 1392 1011 1435 a
1024 1379 1059 1435 te
1077 1392 1139 1454 pro
1156 1371 1321 1435 beneficio
1338 1371 1402 1433 tibi

349 1471 441 1535 facto
457 1492 502 1536 ex
516 1480 620 1554 pacto
631 1472 823 1555 promissa!
876 1473 925 1536 At
939 1470 1172 1548 Vitalis,‘1ta
1189 1477 1258 1534 tam
1278 1470 1403 1533 leniter

349 1571 456 1635 velles
482 1572 621 1647 lucrari,
647 1590 725 1652 quae
753 1592 818 1654 ego
841 1592 902 1654 per
925 1571 1032 1651 longa
1052 1578 1210 1651 tempora
1229 1570 1402 1632 laboriose

348 1672 516 1752 acquisivi
527 1671 553 1733 l'
581 1678 615 1734 et
631 1671 796 1753 praecepit
811 1671 950 1734 familiae
965 1690 1037 1733 suae
1053 1677 1092 1733 ut
1107 1676 1288 1752 caperetur
1301 1668 1401 1749 quasi

350 1770 511 1847 delirans,
535 1790 598 1853 pro
625 1777 724 1834 tanta
750 1772 943 1835 temeritate
970 1769 1246 1833 incarcerandus.
1299 1766 1402 1845 Quod

349 1868 522 1951 Sylvanus
552 1870 747 1951 intelligens
771 1871 950 1952 repentino
969 1869 1062 1932 saltu
1085 1888 1108 1931 a
1132 1868 1235 1931 domo
1256 1867 1403 1942 exilivit,

347 1975 382 2031 et
399 1970 539 2033 veniens
554 1969 596 2031 ad
613 1971 812 2051 praetorium
829 1970 904 2033 haec
923 1968 1229 2050 omniajudicibus
1247 1966 1399 2030 civitatis

350 2068 502 2132 seriatim
518 2068 700 2133 intimavit.
741 2069 902 2147 Quicum
919 2088 987 2131 non
1005 2067 1107 2150 plane
1122 2067 1312 2141 crederent,
1327 2084 1403 2127 nar·

347 2168 440 2230 ravit
464 2168 672 2241 incredibile,
700 2169 886 2233 ostendens
911 2187 1081 2248 gemmam
1103 2168 1169 2229 sibi
1195 2186 1217 2228 a
1242 2172 1402 2248 serpente

349 2267 540 2346 gratiarum
569 2266 645 2331 loco
674 2266 810 2346 datam3
841 2276 877 2332 et
904 2268 997 2331 illico
1023 2285 1111 2330 unus
1139 2266 1279 2342 civium,
1303 2284 1404 2346 quem

349 2366 459 2428 virtus
480 2366 605 2447 lapidis
636 2386 705 2430 non
730 2368 873 2444 latebat,
896 2367 1009 2449 ipsum
1032 2386 1158 2447 magno
1180 2366 1292 2448 pretio
1314 2383 1405 2427 com-

349 2465 497 2545 paravit.
560 2465 611 2529 Ut
641 2474 756 2530 autem
787 2485 905 2531 omnes
932 2467 1012 2531 inde
1041 2465 1199 2530 redderet
1229 2464 1405 2539 certiores

348 2563 523 2645 Sylvanus
546 2565 681 2646 aliquos
704 2567 746 2630 de
772 2566 905 2631 civibus
929 2567 1031 2629 duxit
1051 2566 1095 2629 ad
1121 2564 1267 2628 latibula
1292 2564 1402 2628 leonis

298 2684 300 2688 ·
348 2672 384 2727 et
394 2666 576 2747 serpentis
589 2666 648 2747 qui
664 2667 776 2730 adhuc
793 2668 861 2748 ipsi
877 2666 1030 2748 Sylvano
1045 2673 1211 2746 tanquam
1225 2663 1403 2727 liberatori

349 2764 609 2846 applauserunt.
656 2764 846 2831 Certificati
864 2767 969 2848 igitur
978 2766 1115 2850 judices
1131 2764 1282 2830 civitatis
1295 2764 1338 2827 de
1355 2762 1404 2826 rei

349 2865 494 2928 veritate
523 2866 762 2946 compulerunt
790 2867 944 2930 Vitalem
974 2866 1115 2929 reddere
1140 2884 1220 2947 quae
1246 2862 1405 2947 promisit

348 2971 383 3024 et
398 2963 597 3026 satisfacere
614 2984 677 3045 pro
692 2965 830 3047 injuria.
885 2964 974 3028 Haec
987 2965 1155 3029 referebat
1172 2984 1234 3054 verr
1252 2962 1401 3027 Richar-

349 3061 413 3124 dus
425 3061 619 3139 munificus
636 3064 792 3145 ingratos
812 3063 1275 3146 redarguendo-Inserted
1293 3062 1341 3126 all
1357 3062 1402 3144 by

351 3159 462 3224 Paris’
480 3161 569 3225 hand
589 3161 625 3224 in
641 3163 684 3226 B.

297 3285 353 3320 Pac.
392 3285 445 3322 Lm.

299 3349 352 3423 93,
393 3350 445 3424 14,
461 3350 549 3412 Anco
580 3370 649 3413 cum
698 3352 816 3417 desum.

459 3448 650 3512 comitatuo'o

299 3611 349 3623 —
395 3571 447 3645 16,
463 3581 575 3635 sancte
699 3571 791 3634 addit
808 3570 932 3647 Paris,
955 3570 998 3633 ad
1021 3588 1124 3651 quam
1152 3567 1265 3632 adhuc
1291 3565 1402 3629 redire

721 3676 957 3751 proposuerat.

299 3833 349 3843 -
396 3795 447 3867 19,
455 3791 650 3876 fidejussores
699 3792 960 3876 fidejussoribus
975 3839 983 3854 .
1000 3841 1006 3856 .
1022 3839 1030 3856 .
1044 3790 1250 3854 munierunt.

439 3940 446 3954 .
457 3893 650 3956 inuenerant

298 4057 349 4068 —
393 4013 447 4094 27,
464 4016 499 4079 in
513 4017 647 4081 omni...
698 4016 816 4081 dsunt.

463 4137 525 4179 soae

298 4279 349 4291 -
394 4240 445 4313 33,
462 4237 624 4321 sopradic-
699 4239 791 4303 addit
822 4239 947 4316 Paris,
972 4239 1126 4321 graviter
1153 4257 1268 4318 regem
1297 4235 1403 4299 Fran-

464 4345 528 4398 tom
722 4359 839 4402 corum
859 4339 902 4402 de
922 4339 1053 4403 enormi
1069 4337 1245 4401 fidelitatis
1262 4336 1402 4398 laesione

722 4439 979 4518 redarguentes.

299 4562 353 4637 94,
411 4562 442 4635 2,
457 4579 518 4642 per
540 4558 636 4622 insul·
700 4560 817 4624 docnt.

460 4667 524 4720 tum
