3384 5625
375 773 441 837 310
747 790 946 839 uncrronns
968 792 1103 841 vunnu.

430 970 630 1036 Pateshulle
648 972 821 1050 clericum,
837 974 946 1037 filium
961 973 1120 1039 videlicet
1137 972 1285 1036 Simonis
1301 972 1344 1036 de
1360 971 1481 1035 Pates-

428 1070 533 1147 hulle,
545 1073 605 1154 qui
617 1073 823 1155 quaudoque
836 1074 988 1137 habenas
1000 1073 1241 1137 moderabatur
1254 1072 1360 1136 totius
1370 1071 1480 1151 regni,

424 1168 619 1252 justitiarii,
635 1172 748 1235 virum
767 1171 902 1235 fidelem
927 1179 962 1234 et
982 1172 1176 1249 honestum,
1199 1172 1275 1235 loco
1298 1171 1481 1254 praedicto-

427 1288 516 1346 rum,
526 1272 684 1352 quamvis
695 1272 909 1348 renitentem,
918 1272 1133 1353 subrogavit.
1166 1269 1482 1333 Administraverat

429 1369 519 1430 enim
538 1369 628 1432 idem
646 1370 755 1450 Hugo
773 1368 920 1434 officium
943 1371 1107 1433 scaccarii
1129 1378 1232 1433 antea
1249 1369 1480 1445 laudabiliter,

429 1468 614 1530 secundum
630 1469 722 1550 quod
736 1469 934 1550 appellatur
950 1476 1118 1533 secretum
1136 1470 1312 1546 scaccarii,
1329 1468 1481 1550 sigillum

429 1566 654 1631 custodiendo
671 1575 706 1632 et
723 1567 900 1632 diffinitam
920 1569 1101 1651 pecuniam
1120 1588 1141 1631 a
1155 1568 1413 1632 vicecomitibus
1428 1587 1479 1629 re-

429 1665 612 1747 cipiendo;
643 1686 751 1749 quare
769 1667 904 1749 plenior
923 1667 1007 1731 fides
1028 1675 1081 1731 est
1097 1668 1128 1730 ei
1148 1668 1311 1745 adbibita,
1336 1674 1482 1750 paterna

428 1764 595 1829 fidelitate
612 1768 845 1831 testimonium
862 1767 943 1830 fidei
959 1767 1169 1849 perhibente.

390 1903 448 1940 PAG.
470 1903 523 1941 ult.

380 1968 455 2040 315,
494 1968 524 2043 3,
542 1967 694 2051 Baptista
775 1968 866 2032 dcem.

378 2125 429 2135 —
473 2092 525 2167 14,
533 2092 680 2173 focerunt
776 2091 967 2171 facientes;
991 2090 1203 2155 clitellarios.

377 2249 428 2259 -
474 2216 524 2289 19,
541 2214 651 2279 dionis
778 2213 898 2278 divisis
914 2215 1116 2297 prudentius
1133 2214 1275 2278 bellicis.

376 2375 428 2389 —
473 2340 524 2414 20,
542 2340 727 2423 tradique...
777 2343 889 2401 toturn
928 2339 1118 2401 exercitum
1156 2357 1257 2401 suum
1295 2335 1482 2400 admodum

380 2449 383 2454 ’
507 2473 510 2480 -
540 2439 687 2503 contrivit
798 2453 1017 2499 numerosum
1032 2435 1067 2498 in
1088 2443 1157 2498 tres
1182 2436 1299 2499 divisit
1314 2435 1480 2515 legioneS,

798 2541 839 2597 ut
849 2534 973 2597 minori
986 2534 1091 2597 trium
1106 2535 1167 2598 vix
1178 2534 1350 2599 videretur
1365 2554 1479 2598 comes

800 2632 994 2697 Britanniae
1012 2634 1169 2697 omnibus
1189 2634 1326 2698 collatis
1347 2634 1480 2697 viribus

799 2732 977 2812 resistere;
993 2734 1143 2816 undiquc
1152 2733 1368 2796 Britanniam
1381 2733 1482 2796 inva-

800 2831 913 2896 dendo
938 2833 1062 2897 acriter
1078 2832 1271 2912 insurgens,
1295 2849 1389 2892 more
1408 2831 1483 2894 leo-

801 2931 867 3006 nis,
890 2933 949 3013 qui
971 2950 1047 2993 cum
1069 2930 1207 2995 laeditur
1224 2929 1379 2992 acerbius
1396 2930 1485 3002 bacf

800 3029 924 3092 chatur
951 3030 987 3092 in
1015 3028 1188 3105 rebellem,
1222 3034 1258 3092 et
1291 3027 1482 3093 Britannos

801 3128 901 3209 gravi
916 3127 1042 3191 afflixit
1057 3128 1272 3211 contritione.

381 3252 454 3328 316,
495 3250 641 3334 4,soedas
778 3270 899 3314 versus
915 3250 951 3313 in
965 3270 1081 3314 arcum
1098 3269 1245 3333 pravum
1262 3249 1387 3313 foedus.

380 3372 455 3452 317,
495 3377 526 3452 4,
543 3383 707 3459 spectantes
777 3374 871 3439 addit
885 3374 1009 3452 Paris,
1024 3374 1147 3438 Comes
1164 3394 1246 3439 vero
1257 3373 1378 3438 videns
1389 3374 1482 3438 mala

802 3473 869 3537 sibi
894 3474 1136 3557 multiplicata,
1165 3474 1201 3536 in
1226 3474 1340 3555 seipso
1370 3473 1481 3536 tabes-

802 3591 883 3636 cens
908 3592 980 3655 prae
1002 3573 1120 3638 dolore
1141 3579 1177 3636 et
1192 3572 1398 3648 infrendens,
1420 3591 1482 3653 per

802 3690 897 3734 mare
914 3673 1052 3752 paravit
1071 3670 1215 3734 insidias
1236 3671 1482 3734 mercatoribus

802 3776 837 3831 et
863 3769 939 3830 aliis
964 3769 1169 3832 facientibus
1197 3770 1412 3852 operationes
1443 3769 1481 3831 in

803 3866 914 3948 aquis,
921 3866 1028 3950 juxta
1039 3868 1482 3949 cognomensuum,scilicet

804 3965 1027 4044 ‘Mauclerc,'
1061 3967 1192 4050 rapinis
1223 3968 1398 4052 injuriosis
1428 3967 1483 4028 in-

804 4065 980 4144 tendebat,
996 4066 1110 4149 pirata
1124 4067 1237 4132 factus
1254 4065 1471 4132 execrabilis.

381 4230 431 4241 -
476 4190 530 4263 14,
540 4186 711 4272 pascendos
778 4187 992 4252 reficiendos.

381 4353 432 4364 -
478 4310 733 4390 15,mortctitctis
780 4312 897 4376 liniret
916 4312 993 4376 oleo
1011 4312 1265 4377 consolationis.

546 4420 669 4474 curaret

382 4568 432 4579 -
478 4535 529 4609 33,
544 4532 692 4596 soricibus
780 4535 946 4600 muribus
