3384 5625
666 780 870 830 nncmonns
892 781 1026 831 unnim
1331 767 1397 831 315

303 909 359 944 eta.
387 909 437 944 utt.

293 972 369 1045 326,
408 967 438 1047 7,
456 968 563 1032 clevici
692 965 819 1043 clerici,
835 966 968 1030 scilicet
984 966 1142 1031 dominus
1164 965 1332 1031 Nicolaus
1352 968 1395 1032 de

713 1065 821 1142 Leon,
833 1071 868 1129 et
877 1065 1036 1130 dominus
1048 1065 1265 1147 Reginaldus
1280 1066 1394 1130 Phisi-

714 1183 788 1241 cus,
806 1172 841 1228 et
858 1165 1022 1246 magister
1038 1164 1218 1230 Galfridus
1240 1166 1283 1229 de
1301 1165 1394 1229 Lan-

714 1263 803 1345 gelie
820 1263 979 1327 clericus.

291 1427 343 1441 -
387 1388 643 1473 mucronem
692 1388 840 1470 Insuper
866 1388 1060 1470 approbata
1089 1395 1143 1452 est
1169 1388 1280 1453 forma
1304 1390 1393 1454 elec-

458 1509 547 1551 socnc
567 1536 596 1552 ..
613 1535 642 1552 ..
712 1487 818 1550 tionis
844 1494 880 1551 et
899 1506 1102 1570 progressus
1120 1489 1261 1568 negotii,
1283 1489 1393 1553 admi·

458 1584 636 1651 benedictio·
712 1586 868 1650 rantibus
912 1587 1046 1649 cunctis
1084 1586 1176 1667 quod
1214 1587 1305 1651 inter
1339 1595 1394 1653 tot

456 1707 524 1749 nem
540 1684 634 1749 odbo-
712 1686 830 1767 capita
855 1703 924 1747 una
947 1684 1014 1748 fuit
1039 1685 1213 1749 sententia
1243 1694 1278 1751 et
1305 1706 1392 1750 una·

457 1785 498 1848 tis
514 1786 643 1870 suscepit
713 1784 815 1848 nimis
848 1802 1059 1864 consensus3
1093 1785 1184 1848 unde
1217 1803 1239 1847 a
1271 1787 1390 1850 multis

713 1884 843 1947 dictum
877 1882 944 1946 fuit
970 1884 1006 1945 in
1035 1884 1131 1947 curia
1157 1883 1329 1962 Romana,
1356 1893 1392 1950 et

713 1983 757 2045 ab
776 1982 854 2065 ipso
879 2000 982 2064 papa,
1005 1982 1097 2063 quod
1120 2002 1190 2046 non
1209 1983 1283 2047 sine
1304 1991 1391 2048 nutu

713 2080 863 2163 Spiritus
886 2080 1005 2145 Sancti
1027 2081 1120 2146 istud
1143 2081 1257 2146 fuerat
1273 2102 1391 2165 prose·

712 2188 843 2257 cutum,
861 2179 1120 2245 ‘Multitudinis
1142 2182 1232 2244 enim
1250 2183 1391 2247 creden-

712 2280 797 2343 tium
821 2280 887 2344 fuit
901 2299 961 2343 cor
983 2299 1088 2342 unum
1109 2287 1144 2344 et
1159 2281 1275 2345 anima
1297 2280 1391 2347 una!

714 2379 772 2457 Et,
787 2385 827 2442 ut
840 2378 1019 2443 audientes
1032 2399 1099 2443 non
1116 2379 1236 2458 lateat,
1249 2381 1323 2445 haec
1338 2389 1393 2446 est

712 2478 927 2543 consuetudo
943 2478 1092 2561 eligendi
1110 2481 1269 2544 abbatem
1284 2481 1320 2543 in
1337 2500 1390 2544 ec-

712 2577 818 2641 clesia
847 2578 959 2641 sancti
983 2576 1136 2658 A-lbani3
1168 2577 1391 2643 Confessores

713 2676 844 2740 scilicet
873 2683 943 2740 tres
973 2676 1028 2739 vel
1052 2684 1201 2759 quatuor
1226 2677 1393 2759 jubentur

713 2775 868 2840 districte
888 2776 923 2838 in
939 2774 1066 2840 virtute
1088 2776 1239 2860 Spiritus
1257 2777 1387 2856 Sancti,

712 2883 835 2958 utpote
869 2875 928 2958 qui
967 2883 1182 2957 cognoscunt
1214 2876 1319 2941 corda
1356 2885 1392 2943 et

711 2994 811 3038 renes
842 2974 1068 3057 singulorum,
1093 2982 1133 3040 ut
1163 2975 1230 3058 ipsi
1260 2977 1391 3059 eligant

711 3072 890 3138 duodecim
908 3075 951 3138 de
974 3081 1145 3139 conventu
1161 3074 1286 3138 fratres
1301 3076 1390 3140 elec·

711 3179 778 3250 tos,
794 3173 926 3236 scilicet
941 3172 1058 3236 fideles
1073 3180 1108 3238 et
1120 3173 1262 3256 peritos,
1275 3182 1314 3238 ut
1324 3176 1392 3259 ipsi

712 3272 768 3336 vel
784 3273 827 3336 de
844 3271 979 3355 seipsis,
993 3271 1046 3336 vel
1064 3271 1106 3335 de
1123 3273 1200 3356 ipso
1217 3282 1390 3339 conventu

711 3372 877 3447 ecclesiae,
902 3370 967 3435 vel:
984 3371 1026 3435 de
1052 3371 1159 3449 cellis,
1185 3391 1290 3435 unum
1316 3374 1391 3438 ido-

711 3490 814 3534 neum
834 3470 966 3551 eligant
981 3469 1017 3532 in
1035 3471 1207 3534 abbatem.
1261 3471 1310 3535 Ut
1328 3491 1389 3535 an-

711 3576 781 3632 tem
803 3588 922 3634 eorum
944 3568 1066 3632 electio
1087 3576 1122 3633 et
1139 3570 1237 3633 labor
1260 3570 1389 3635 delibe-

710 3667 844 3732 rativus
874 3686 978 3749 super
1006 3667 1072 3732 hoc
1104 3669 1244 3749 negotio
1270 3669 1389 3734 irritus

710 3788 779 3832 non
816 3767 997 3844 habeatur,
1031 3767 1151 3832 literas
1188 3768 1316 3834 habent
1345 3770 1387 3834 de

710 3874 884 3931 conventu
900 3886 1005 3949 penes
1019 3885 1057 3930 se
1071 3867 1186 3949 sigillo
1200 3876 1389 3934 conventus

709 3967 903 4040 roboratas,
922 3973 962 4029 ut
977 3967 1051 4046 ipse
1071 3973 1263 4030 conventus
1280 3969 1389 4048 illum,

708 4084 811 4148 quem
830 4062 898 4147 ipsi
923 4062 1102 4127 duodecim
1122 4065 1252 4147 eligent
1267 4067 1303 4130 in
1327 4069 1388 4132 ab·

707 4165 836 4240 batem,
864 4163 938 4226 sine
965 4163 1238 4230 contradictione
1266 4168 1390 4232 unani.

708 4263 810 4327 miter
818 4263 1009 4344 suscipient
1021 4270 1056 4326 et
1065 4272 1255 4345 gratanter.
1287 4266 1388 4332 Unde

709 4363 814 4426 series
830 4360 962 4443 negotii
982 4361 1032 4424 sic
1053 4371 1237 4444 prosecuta
1257 4383 1279 4428 a
1296 4384 1390 4429 sum·

710 4481 765 4525 mo
779 4461 942 4544 pontifice
955 4468 990 4525 et
1001 4462 1159 4526 omnibus
1172 4464 1390 4528 audientibus

710 4580 788 4624 cum
814 4560 1042 4626 admiratione
1066 4568 1119 4626 est
1139 4565 1389 4644 commendata,
