3384 5625
669 759 867 808 nucmouns
891 758 1025 808 viarm.
1333 743 1397 807 171

295 964 373 1008 cum
390 946 511 1009 laesum
534 964 572 1008 se
593 944 739 1008 senserit
757 943 812 1007 vel
835 950 1027 1020 cruentum,
1051 944 1261 1020 irascuntur,
1281 950 1316 1008 et
1335 964 1397 1008 ex-

295 1053 412 1109 cutere
436 1046 528 1110 colla
557 1045 600 1108 de
629 1044 693 1107 sub
719 1043 807 1127 jugo
836 1042 1073 1126 opprimentis
1104 1044 1169 1106 etsi
1198 1062 1286 1121 sero,
1316 1063 1396 1126 pro-

295 1152 428 1226 ponunt
458 1152 493 1209 et
527 1143 719 1207 conantur.'
781 1142 829 1207 Et
857 1163 935 1206 cum
963 1143 1037 1206 haec
1069 1143 1184 1205 omnia
1222 1143 1296 1225 ipse
1332 1164 1394 1207 rex

296 1244 495 1308 admiralius
521 1243 689 1319 audierat,
720 1241 916 1323 Anglorum
938 1242 1079 1306 nimiam
1101 1242 1278 1323 redarguit
1308 1244 1397 1325 pati-

296 1344 437 1421 entiam,
475 1363 579 1427 quam
616 1342 938 1406 formidolositatem
980 1350 1076 1406 recta
1112 1342 1397 1425 interpretatione

296 1441 402 1508 fnisse
426 1444 595 1525 interpres
610 1442 770 1519 asseruit,
794 1442 854 1523 qui
876 1440 919 1504 ad
945 1441 1061 1505 omnia
1078 1460 1231 1523 praesens
1252 1443 1397 1506 exstite-

295 1548 362 1606 rat.
415 1542 549 1607 Multos
575 1548 690 1606 autem
714 1547 841 1623 praeter
865 1540 929 1604 hos
952 1547 1121 1605 tractatus
1144 1549 1179 1606 et
1196 1540 1397 1606 confabula-

297 1642 407 1706 tiones
429 1641 552 1707 babuit
572 1641 662 1705 idem
685 1659 747 1704 rex
766 1659 845 1703 cum
862 1639 981 1703 eodem
998 1640 1166 1717 Roberto,
1181 1660 1259 1723 quae
1274 1648 1397 1722 postea

296 1742 415 1805 amicis
440 1742 577 1825 plenius
591 1741 627 1803 in
643 1738 774 1820 Anglia
789 1738 990 1803 declaravit.
1043 1738 1188 1803 collatis
1205 1739 1313 1821 igitur
1329 1740 1396 1822 ipsi

298 1839 452 1905 Roberto
468 1839 666 1904 muneribus
681 1839 856 1921 pretiosis,
874 1840 911 1902 in
926 1858 1010 1902 auro
1027 1847 1063 1902 et
1078 1846 1235 1921 argento,
1252 1840 1396 1921 gemmis

297 1941 402 2004 variis
430 1947 466 2005 et
489 1938 702 2015 holosericis,
723 1939 835 2020 ipsum
858 1939 895 2001 in
918 1957 1003 2021 pace
1026 1939 1172 2018 dimisit;
1200 1938 1396 2004 recedentes

296 2046 413 2104 autem
427 2040 569 2104 nuntios
592 2040 679 2103 alios
694 2058 757 2102 nec
774 2038 955 2115 salutavit,
973 2057 1035 2102 nec
1051 2037 1224 2119 aliquibus
1246 2040 1395 2103 muneri-

296 2139 361 2203 bus
377 2140 574 2204 honoravit.
626 2137 783 2220 Cumque
806 2144 923 2201 autem
949 2136 993 2200 ad
1019 2139 1160 2220 propria
1185 2146 1396 2203 remeassent

202 2252 207 2261 ·
296 2239 420 2317 nuntii,
438 2247 473 2303 et
489 2258 565 2321 quae
581 2238 739 2302 viderant
756 2244 791 2300 et
811 2236 993 2300 audierant
1007 2238 1146 2301 domino
1162 2257 1226 2302 suo
1244 2239 1396 2304 renunti-

297 2345 425 2415 assent,
441 2338 553 2402 doluit
570 2337 727 2401 dominus
753 2355 872 2400 eorum
895 2355 958 2400 rex
973 2336 1153 2401 ‚Iohannes
1178 2338 1396 2403 vehementer

297 2437 469 2519 usquead
490 2438 632 2520 spiritus
654 2435 931 2513 amaritudinem,
957 2436 1048 2518 quod
1073 2438 1123 2501 sic
1146 2438 1190 2501 ab
1215 2439 1293 2521 ipso
1314 2459 1395 2520 rege

296 2536 476 2601 admiralio
492 2537 776 2601 contemnebatur
791 2542 827 2599 et
841 2535 934 2617 quod
952 2536 988 2599 in
1007 2537 1185 2620 proposito
1201 2557 1265 2601 suo
1288 2538 1395 2621 impe-

295 2636 463 2700 diebatur.
516 2636 692 2699 Robertus
709 2643 825 2698 autem
851 2635 893 2698 de
916 2636 1090 2699 extraneis
1113 2635 1211 2699 donis
1234 2638 1300 2699 sibi
1324 2638 1395 2701 col·

295 2736 375 2799 latis
390 2755 506 2818 regem
523 2734 710 2798 liberaliter
735 2735 899 2818 respexit,
922 2743 963 2797 ut
982 2735 1105 2799 saltem
1128 2736 1178 2798 sic
1203 2735 1396 2819 perciperet

295 2836 387 2918 quod
415 2835 639 2900 favorabilius
664 2835 742 2898 aliis
768 2835 957 2911 audiretur,
985 2835 1066 2899 licet
1092 2835 1202 2918 primo
1234 2837 1393 2918 repulsus

295 2934 483 3016 tacuisset3
506 2935 597 2999 unde
620 2936 694 3017 ipse
716 2954 779 2999 rex
802 2934 916 3017 ipsum
935 2934 1014 3017 plus
1041 2935 1118 2999 aliis
1140 2935 1334 3011 honoravit,
1360 2944 1395 3001 et

296 3035 395 3117 quasi
429 3055 492 3117 pro
523 3035 666 3118 praemio
697 3033 892 3099 custodiam
927 3035 1076 3099 abbatiae
1107 3037 1220 3100 sancti
1254 3035 1393 3116 Albani,

295 3135 452 3215 quamvis
469 3155 538 3198 non
560 3142 712 3211 vacaret,
731 3136 909 3216 improbus
929 3142 1073 3198 exactor
1088 3136 1269 3213 concessit,
1290 3144 1328 3201 ut
1343 3137 1393 3203 sic

295 3232 338 3297 de
357 3233 470 3298 alieno
492 3235 656 3304 clericum.
679 3253 779 3297 suum
797 3232 877 3297 fidei
898 3240 1133 3315 transgressor
1148 3244 1393 3302 remuneraret.

297 3331 379 3414 Ipse
402 3333 510 3415 igitur
524 3334 712 3410 Robertus,
738 3332 946 3409 inconsulto,
967 3333 1036 3397 imo
1063 3335 1179 3415 potius
1203 3335 1311 3399 invito
1333 3337 1395 3399 ab·

295 3433 386 3510 bate,
404 3434 464 3513 qui
488 3453 552 3515 pro
576 3439 729 3515 tempore
752 3431 828 3509 fuit,
854 3431 1014 3495 videlicet
1030 3432 1054 3495 J
1057 3433 1190 3495 ohanne
1212 3432 1254 3495 de
1284 3433 1393 3512 Cella,

296 3532 370 3595 viro
387 3531 645 3613 religiosissimo
659 3539 696 3594 'et
712 3531 959 3607 literatissimo,
976 3532 1090 3595 omnia
1110 3550 1187 3613 quae
1201 3531 1237 3594 in
1250 3533 1395 3597 ecclesia

295 3636 331 3692 et
352 3632 448 3694 curia
472 3630 612 3694 fuerunt
630 3650 693 3712 pro
709 3630 809 3694 libitu
834 3630 976 3714 diripuit
994 3638 1029 3695 et
1052 3631 1117 3695 sibi
1131 3631 1391 3714 appropriavit3

295 3735 329 3792 et
346 3729 382 3792 in
396 3730 552 3812 qualibet
566 3729 707 3807 ballivo,
728 3750 816 3814 quas
838 3731 1050 3795 obedientias
1068 3731 1294 3815 appellamus
1311 3750 1392 3796 con-

295 3828 421 3908 stituit,
439 3831 590 3893 maxime
614 3830 651 3892 in
665 3829 787 3914 janua,
811 3829 998 3913 janitorem
1020 3832 1172 3895 omnium
1195 3830 1393 3912 diligentem

296 3928 550 4010 exploratorem
569 3936 603 3992 et
619 3937 830 4011 protervum,
845 3930 936 3992 unde
952 3930 1134 4012 plusquam
1152 3931 1245 3994 mille
1259 3950 1394 3996 marcas

294 4028 339 4090 ab
356 4028 476 4092 eadem
493 4029 595 4093 domo
618 4036 733 4093 astute
752 4027 853 4091 nimis
873 4030 1030 4092 emunxit
1052 4029 1225 4092 Robertus
1251 4029 1394 4094 clericus

294 4136 514 4193 memoratus.
558 4128 629 4191 Hic
646 4135 761 4190 tamen
778 4125 945 4207 quosdam
962 4127 1097 4190 abbatis
1113 4126 1288 4191 ministros
1305 4149 1394 4211 prae-

293 4227 425 4308 cipuos,
449 4248 528 4292 cum
553 4226 703 4310 quodam
729 4223 842 4288 sancti
867 4224 998 4289 Albani
1024 4224 1205 4302 monacho,
1233 4226 1394 4292 videlicet

295 4325 470 4391 dominum
489 4327 714 4391 Laurentium
739 4323 996 4388 Seneschallum
1019 4326 1174 4403 militem,
1190 4332 1225 4390 et
1240 4327 1394 4392 Lauren·

295 4425 381 4488 tium
399 4426 573 4505 clericum,
594 4435 629 4490 et
652 4424 856 4504 magistrum
874 4422 1068 4488 Walterum
1092 4425 1297 4490 monachum
1322 4429 1394 4511 pic-

294 4532 415 4602 torem,
434 4526 557 4591 dilexit
579 4532 615 4589 et
630 4525 751 4589 habuit
768 4523 967 4602 familiares,
991 4525 1115 4608 quibus
1135 4545 1289 4607 gemmas
1311 4548 1392 4591 suas
