3384 5625
623 810 824 858 nrcrronns
850 812 984 859 viarm.
1293 797 1358 861 125

304 998 429 1060 comite
441 996 465 1060 J
468 996 604 1060 ohanne
618 995 694 1078 jam
706 994 1008 1074 obmurmurante;
1029 1014 1175 1076 qnorum
1190 996 1358 1077 quosdam

303 1116 367 1160 rex
389 1097 622 1160 incarceratos
647 1094 801 1175 graviter
823 1093 979 1169 redemit,
1004 1096 1171 1176 quosdam
1196 1097 1357 1159 nimirum

304 1195 552 1272 exhaeredavit,
574 1192 742 1276 quosdam
763 1194 978 1275 proscripsit,
1000 1196 1187 1277 assumptis
1209 1196 1275 1259 sibi
1299 1216 1358 1259 eo-

306 1315 381 1357 rnm
416 1295 516 1359 terris
548 1303 583 1357 et
615 1292 764 1367 catallis,
796 1292 857 1373 qui
898 1294 1128 1358 mendicatnri
1157 1296 1356 1372 exalarunt,

305 1394 439 1458 comitis
469 1393 493 1457 J
496 1393 640 1457 ohannis
669 1399 705 1454 et
737 1393 913 1473 propriam
943 1393 1164 1457 ambitionem
1198 1402 1233 1459 et
1267 1414 1357 1476 prae·

306 1496 537 1575 sumptionem
554 1500 590 1557 et
604 1490 843 1555 infidelitatem
860 1491 1091 1570 detestantcs3
1112 1493 1162 1557 Oc.
1176 1503 1204 1557 ot
1218 1495 1261 1558 R.

255 1618 314 1753 gila,
351 1617 404 1754 ili,
418 1678 499 1741 aas.
513 1724 521 1740 .
534 1726 542 1742 .
550 1698 608 1761 po
662 1675 736 1738 suis
749 1674 908 1738 omnibus
920 1676 1091 1740 voluntati
1108 1678 1201 1759 regis
1211 1685 1247 1741 et
1258 1676 1360 1741 mise·

421 1786 522 1841 mater
677 1776 802 1839 rationi
818 1785 1061 1856 supponentes.

256 1945 307 1955 -
350 1905 404 1977 20,
421 1901 529 1965 sitiens
656 1898 915 1979 concupiscens.

257 2028 311 2101 82,
374 2022 607 2107 uindemio..
656 2031 691 2087 et
717 2021 956 2104 multiplicatis
980 2024 1166 2088 amicornm
1196 2025 1356 2106 precibus

422 2131 583 2186 normaton
679 2122 804 2186 comite
815 2121 977 2186 Johanne
986 2124 1022 2186 in
1038 2122 1224 2187 fraternam
1241 2126 1360 2188 amici·

425 2230 469 2286 at
680 2222 764 2285 tiam
778 2227 954 2299 revocato,
965 2242 1028 2285 rex
1039 2224 1131 2304 apud
1142 2223 1359 2288 Wintoniam

571 2401 573 2405 ι
679 2339 841 2384 coronam
858 2322 1031 2403 portavit3
1053 2321 1199 2387 deoru.

258 2486 309 2510 -.-
354 2445 406 2521 11,
421 2441 475 2506 adi
491 2463 585 2506 comcs
659 2444 784 2509 Comes
801 2454 917 2509 autem
939 2444 963 2508 J
966 2445 1120 2511 ohannes
1141 2447 1248 2511 frater
1270 2447 1359 2532 ejus,

424 2542 582 2605 Iohannes
679 2545 793 2608 sciens
819 2564 857 2607 sc
884 2544 958 2627 Jam
987 2547 1019 2609 ei
1048 2546 1281 2628 pacificatum,
1312 2548 1360 2614 ibi

423 2642 611 2725 „pretinm
681 2643 790 2706 eidem
821 2663 1017 2720 occurrens
1042 2664 1079 2708 se
1111 2645 1257 2727 pedibus
1288 2647 1361 2709 suis

424 2741 537 2826 recepit
681 2749 904 2825 prosternens
934 2743 1200 2807 misericordiam
1237 2745 1361 2827 implo-

681 2841 773 2906 ravit
786 2841 829 2906 de
843 2843 1045 2907 commissis.
1085 2842 1266 2908 Commota
1278 2855 1362 2909 sunt

682 2943 774 3024 regis
806 2943 939 3005 viscera
966 2962 1070 3025 super
1094 2942 1201 3007 fratre
1231 2963 1294 3008 sno
1326 2953 1362 3009 et

681 3061 818 3104 omnem
839 3042 1017 3106 remittens
1034 3043 1305 3124 indignationem
1327 3045 1363 3107 in

681 3142 801 3205 osculo
819 3159 897 3205 enm
914 3143 1063 3224 reecpit3
1083 3142 1131 3205 Oc.
1147 3152 1175 3206 ot
1192 3144 1233 3207 R.

261 3301 313 3313 -
355 3262 409 3336 16,
427 3260 574 3345 insipien·
661 3262 894 3346 insipientiam
918 3284 1016 3328 suam
1038 3274 1074 3329 et
1090 3267 1270 3329 consilium
1295 3287 1364 3331 ma-

425 3359 505 3424 tiam
682 3362 767 3439 lum,
788 3364 1061 3440 non-malitiam,
1089 3373 1124 3427 et
1150 3366 1200 3427 sic
1225 3384 1365 3430 necesse

681 3461 811 3525 factum
826 3461 946 3538 fuisse,
963 3482 1032 3544 quo
1052 3463 1287 3527 irrevocabilis
1312 3465 1364 3529 so-

683 3568 737 3624 ret
753 3581 826 3625 rex.

261 3721 312 3732 -
356 3681 409 3756 20,
425 3677 538 3761 recepit
663 3685 804 3766 recepit,
830 3692 1053 3749 veruntamen
1081 3692 1192 3749 terras
1219 3705 1302 3750 suas
1330 3687 1362 3751 ei

684 3784 819 3847 ablatas
836 3804 905 3848 non
922 3787 1086 3850 continuo
1102 3785 1153 3849 illi
1170 3786 1332 3850 restitnit.

258 3904 317 3978 83,
376 3905 406 3978 5,
416 3921 561 3986 perpauca
662 3906 767 3970 dubia
784 3906 858 3971 sata
874 3906 1001 3973 Martis
1019 3910 1188 3992 experiri;
1215 3911 1264 3976 Oe.
1277 3920 1306 3975 et
1320 3912 1362 3976 R.

264 4066 315 4077 -..
378 4061 406 4074 -
427 4044 481 4086 sco
499 4042 614 4106 emmer
663 4048 804 4093 suorum
822 4050 960 4110 magno.

264 4182 315 4192 —
359 4141 411 4221 17,
418 4141 616 4228 scribendas
663 4153 762 4234 quasi
772 4153 808 4215 in
821 4153 985 4216 ultionem
996 4152 1217 4232 furibundum
1236 4154 1364 4220 Ouala

264 4311 315 4323 -
358 4268 617 4353 sequamur-
663 4275 966 4339 destmtoOe.ctR.

433 4367 609 4431 todiutdma

428 4467 618 4530 commiserat

266 4634 317 4645 -
362 4588 417 4665 27,
433 4610 527 4674 quom
549 4610 619 4652 omn
667 4593 752 4675 ejus.

434 4688 617 4772 iiloseccrot
