3384 5625
292 767 360 831 268
663 776 862 825 cncrronns
885 777 1018 824 vnnrn.

294 907 370 1043 ddici,
385 907 442 1044 Lidi,
458 965 614 1029 Henricna
695 962 881 1038 Henricus,
909 961 962 1025 vir
994 960 1132 1043 quidem
1165 960 1280 1024 animo
1313 958 1402 1022 sedi-

716 1061 843 1124 tionem
862 1060 1070 1143 parturiens.

294 1227 344 1237 -
389 1182 444 1261 17,
458 1185 647 1271 sapientibus
695 1183 784 1247 deest.

297 1309 442 1384 206,11‚
454 1308 629 1392 parripcn-
694 1306 961 1390 parvipendens,
979 1305 1083 1369 immo
1101 1305 1328 1389 vilipendens,

459 1406 532 1471 dens

295 1526 369 1606 207,
387 1531 440 1605 19,
457 1529 631 1594 discursum
695 1528 788 1592 addit
804 1527 930 1603 Paris,
946 1535 981 1591 et
994 1526 1287 1592 debaccharentur
1299 1527 1401 1590 multi

717 1647 818 1710 papae
843 1626 1071 1709 stipendiarii,
1097 1626 1401 1709 affluentia—pecu-

718 1727 785 1789 niae
799 1726 1049 1789 inaestimabilis
1064 1726 1228 1807 saginati.

296 1851 372 1924 208,
412 1852 442 1926 3,
457 1850 583 1934 perimis
697 1851 842 1932 gemmis
860 1857 895 1913 et
909 1849 1083 1913 donativis
1098 1848 1215 1912 variis.

295 2012 345 2024 -
391 1974 444 2046 11,
462 1972 599 2036 civitatis
695 1971 788 2035 addit
804 1972 931 2048 Paris„
949 1971 1081 2035 scilicet
1095 1970 1269 2050 Rogerus,
1285 1969 1400 2033 dictus

720 2070 840 2151 Niger.

295 2233 346 2243 —
390 2189 445 2269 37,
460 2193 562 2256 denoto
694 2194 784 2259 deira

296 2315 372 2387 209,
391 2317 443 2389 10,
455 2315 603 2398 pniiicns
695 2318 855 2400 publicus
870 2325 905 2381 et
922 2318 1125 2399 capitaneus
1142 2325 1223 2399 post
1235 2336 1374 2400 papam.

295 2472 346 2481 —
391 2438 444 2511 12,
460 2437 566 2500 natale
581 2459 626 2501 so-
695 2441 788 2504 addit
810 2441 936 2519 Paris,
960 2456 1037 2506 'cum
1059 2441 1294 2525 stipendiariis
1316 2443 1402 2519 suis,

718 2559 805 2622 quos
821 2541 981 2606 dominns
1000 2561 1092 2623 papa
1107 2542 1239 2623 rapinis
1258 2542 1400 2623 religio·

718 2659 836 2703 sorum
860 2640 997 2716 ditavit,
1011 2648 1046 2704 et
1060 2640 1187 2723 praedis
1203 2660 1226 2704 a
1238 2640 1401 2723 pauperi-

717 2740 782 2802 bus
796 2740 908 2822 captis
923 2738 1149 2822 undecunque
1166 2738 1362 2804 honoravit.

434 2906 443 2935 ,
546 2857 605 2922 ire»
697 2865 783 2945 regi,
798 2866 862 2927 snb
876 2864 1096 2929 festinatione
1112 2864 1367 2946 persolverunt.

297 3080 371 3153 210,
409 3082 442 3154 8,
459 3079 625 3142 Micioni
831 3092 917 3149 tum.

297 3203 370 3277 215,
388 3204 440 3278 28,
457 3202 581 3266 naidas

297 3326 373 3400 216,
391 3329 445 3403 20,
461 3329 615 3488 {capniti-
697 3330 958 3395 honorabilibus
973 3331 1058 3395 viris
1073 3308 1109 3394 et
1121 3328 1355 3412 magnatibus.

481 3447 517 3489 ns

297 3545 373 3626 217,
390 3550 442 3626 14,
459 3550 614 3634 infelicem
697 3551 790 3614 addit
819 3550 945 3629 Paris„
972 3549 1103 3613 Eodem
1133 3556 1287 3630 tempore
1320 3547 1402 3612 Rei·

719 3649 867 3712 mundns
887 3650 930 3712 de
957 3650 1088 3730 Burg0‚
1112 3667 1219 3730 nepos
1246 3645 1400 3710 Huberti

721 3746 763 3809 de
781 3748 913 3827 Burgo,
935 3747 1033 3811 miles
1055 3745 1193 3829 quidem
1217 3745 1341 3809 nobilis
1365 3753 1402 3810 et

719 3852 892 3921 strennus,
917 3845 997 3908 dum
1023 3847 1211 3928 spatiatum
1231 3846 1298 3931 iret
1316 3863 1400 3908 casn

720 3963 824 4025 snper
851 3944 961 4026 ripam
991 3944 1138 4026 Ligeris
1164 3962 1291 4025 equum
1316 3942 1401 4006 insi-

720 4043 805 4106 dens
835 4043 1097 4120 nobilissimum,
1131 4061 1258 4124 aquam
1287 4041 1402 4105 omine

719 4142 847 4205 infelici
874 4143 1028 4206 intravit.
1081 4140 1168 4205 Cum
1196 4147 1313 4204 autem
1339 4140 1401 4204 ite·

718 4260 793 4302 rum
811 4241 934 4322 ripam,
956 4260 1035 4322 qnae
1050 4240 1159 4303 ardna
1176 4246 1263 4314 erat,
1281 4257 1403 4302 ascen-

719 4339 798 4402 dere
817 4339 995 4416 volnisset,
1019 4357 1128 4421 equus
1153 4345 1247 4402 retro
1274 4336 1402 4400 cadens

718 4437 821 4500 simul
854 4457 932 4500 cnm
958 4456 1022 4502 sno
1050 4456 1231 4502 ascensore
1259 4436 1404 4500 misera·

718 4535 833 4600 biliter
847 4543 901 4601 est
917 4537 1125 4601 submersus.
