3384 5625
662 806 864 856 nnerrouus
889 806 1023 854 vintru.
1340 789 1404 853 127

291 931 349 1071 din,
383 931 439 1070 ild,
456 992 542 1057 illico
690 993 785 1058 addit
800 993 925 1070 Paris,
947 1001 1028 1076 post
1043 990 1170 1055 trinam
1190 991 1398 1056 admonitio·

717 1112 807 1171 nem,
835 1112 940 1176 quam
964 1092 1037 1157 dux
1069 1092 1234 1156 exaudire
1261 1110 1400 1157 recusa-

719 1194 780 1257 vit.

291 1356 343 1369 -
387 1316 439 1391 26,
448 1315 558 1399 faciat
694 1317 835 1381 laceret.

293 1441 349 1515 88,
410 1442 443 1516 2,
457 1440 519 1503 Hir
536 1440 632 1505 anmi·
696 1440 783 1505 This
793 1439 939 1523 chapter
947 1441 977 1504 is
991 1439 1072 1504 thus
1087 1438 1168 1503 read
1181 1440 1217 1502 in
1225 1438 1399 1504 Oaandlt.

458 1537 513 1603 bas
719 1539 813 1603 ‘His
839 1540 947 1622 igitur
970 1539 1129 1604 omnibus
1153 1537 1232 1603 duci
1257 1541 1301 1603 ab
1327 1539 1401 1620 epi-

720 1659 826 1722 scopo
859 1638 1054 1704 Veronensi
1084 1640 1149 1702 rite
1177 1638 1401 1714 denuntiatis

718 1740 793 1802 dux
819 1739 937 1803 omnia
961 1738 1103 1821 spernit.
1155 1736 1327 1802 Percussa
1349 1744 1403 1801 est

721 1839 830 1921 igitur
838 1845 931 1901 terra
945 1837 1020 1921 ejus
1035 1837 1219 1901 sterilitate
1233 1836 1400 1914 inaudita,

722 1938 825 2015 farne,
842 1944 878 2001 ot
895 1944 991 2019 peste
1013 1936 1178 2019 generali.
1219 1935 1402 2000 Danubius

721 2037 862 2119 insuper
901 2036 1028 2100 fluvius
1065 2035 1248 2119 plusquam
1285 2035 1402 2099 decem

721 2137 829 2200 millia
856 2135 1032 2201 hominum
1063 2136 1240 2199 absorbuit
1266 2135 1403 2199 deriva-

722 2242 789 2299 tus.
843 2235 992 2318 Insuper
1015 2235 1070 2299 die
1095 2234 1208 2299 sancti
1235 2234 1403 2317 Stephani

722 2335 805 2399 dum
827 2335 1018 2417 spatiatum
1034 2334 1221 2416 equitando
1237 2335 1308 2397 dux
1324 2354 1402 2398 cum

722 2434 795 2497 suis
818 2435 922 2499 sociis
944 2440 1116 2517 pergeret,
1133 2453 1243 2516 equus
1260 2434 1335 2518 ejus
1350 2434 1402 2497 os-

722 2534 840 2597 tensus
865 2534 986 2597 tibiam
1010 2534 1118 2616 ipsius
1140 2553 1217 2596 cum
1243 2534 1330 2615 pede
1359 2532 1403 2596 ad

723 2634 879 2696 arborem
894 2633 1064 2696 violenter
1077 2632 1249 2695 contrivit.
1300 2631 1404 2695 Tibia

722 2731 829 2813 igitur
846 2751 925 2795 cum
941 2731 1028 2814 pede
1044 2730 1222 2811 nigredine
1240 2731 1350 2794 tincta
1366 2738 1402 2795 et

722 2831 841 2896 dolore
891 2830 1099 2895 horribiliter
1144 2837 1403 2894 contumescens

722 2931 804 3013 igne
842 2931 1035 3013 percutitur
1072 2929 1242 2993 infernali.
1294 2929 1403 3013 Cujus

723 3031 914 3094 cruciatum
931 3029 1003 3092 dux
1023 3049 1092 3093 non
1107 3029 1228 3093 valens
1245 3029 1402 3106 tolerare,

723 3129 845 3211 pedem
870 3149 892 3192 a
918 3149 1030 3203 crure,
1051 3130 1128 3211 ipso
1147 3129 1284 3192 interim
1306 3127 1406 3191 dola-

722 3229 819 3291 brum
849 3236 999 3303 tenente,
1023 3227 1105 3291 fecit
1126 3227 1313 3308 amputari3
1340 3226 1402 3291 sed

724 3345 787 3390 nec
818 3326 869 3389 sic
904 3326 1032 3389 doloris
1059 3325 1259 3389 incurabilis
1290 3326 1403 3389 evasit

723 3424 987 3500 vehementiam,
1000 3424 1111 3487 femur
1127 3424 1218 3486 enim
1235 3443 1312 3486 cum
1330 3442 1404 3487 cor-

723 3543 807 3608 poro
828 3524 909 3606 igne
931 3528 1121 3587 memorato
1141 3520 1401 3603 depascebatur.

635 3694 639 3702 ,
723 3624 880 3688 Tandem
893 3642 976 3688 vero
991 3621 1127 3705 culpam
1141 3639 1406 3703 recognoscens,

723 3724 949 3789 suadentibus
973 3721 1143 3805 episeopis
1166 3721 1226 3803 qui
1247 3719 1403 3803 aderant,

724 3825 784 3908 qui
809 3824 884 3888 haec
905 3824 941 3886 in
965 3821 1131 3886 ultionem
1158 3820 1264 3884 missa
1288 3819 1404 3884 aDeo

724 3922 1020 4005 protestabantur,
1054 3918 1190 3984 obsides
1219 3911 1403 3983 absolvun-

726 4030 795 4097 tur,
820 4028 856 4084 et
884 4018 1058 4083 residuum
1082 4018 1237 4100 pecuniae
1260 4038 1298 4081 se
1322 4037 1403 4099 spo·

724 4118 866 4201 spondit
877 4117 1101 4191 redditurum,
1119 4121 1156 4177 ut
1173 4115 1307 4179 absolvi
1322 4122 1403 4179 ante

725 4222 872 4279 mortem
896 4222 1095 4278 mereretur.
1148 4212 1258 4296 Cujus
1278 4233 1404 4295 corpus

726 4315 786 4378 diu
800 4313 913 4397 jacuit
928 4314 1145 4378 inhumatum
1161 4314 1270 4377 donec
1291 4313 1405 4376 detes-

725 4414 878 4479 tabiliter
894 4413 1067 4479 vermibus
1081 4421 1241 4492 scateret,
1256 4432 1297 4478 eo
1313 4412 1405 4494 quod

727 4514 818 4577 filius
838 4513 914 4597 ejus
932 4512 1097 4577 mandata
1116 4514 1225 4596 patris
1249 4512 1406 4577 morituri
1553 4544 1561 4557 =

727 4614 854 4696 exequi
868 4612 1144 4695 dedignabatur!
1509 4598 1512 4602 ’
