3384 5625
665 776 869 824 memores
893 776 1028 828 vomo.
1330 763 1397 830 237

295 900 370 1037 11206,
384 901 439 1040 33,
455 984 551 1027 como
694 963 787 1027 addit
802 962 930 1039 Poris„
947 970 1069 1046 utpote
1092 965 1336 1029 monachorum
1361 974 1396 1030 et

716 1062 954 1143 religiosorum
989 1072 1187 1144 persecutor
1224 1059 1288 1129 ab'
1307 1067 1398 1129 anti-

717 1181 795 1243 quo.

298 1282 369 1361 127,
388 1286 439 1360 13,
449 1295 615 1371 postquam
694 1285 787 1350 addit
803 1284 931 1362 Paris„
958 1305 980 1349 a
1002 1288 1120 1369 primis
1142 1290 1241 1353 annis
1266 1289 1398 1353 aulicus

463 1407 631 1449 ...moero
718 1393 753 1449 et
770 1385 923 1461 curialis,
940 1406 1060 1468 regum
1079 1389 1231 1464 satelleS‚
1253 1397 1288 1452 et
1304 1390 1398 1453 theo·

718 1485 869 1548 lenarius
887 1484 1043 1549 domibus
1065 1487 1303 1568 religiosorum
1325 1489 1399 1551 exi-

718 1584 824 1660 tialis,
851 1589 1034 1665 postquam
1053 1586 1189 1650 vixerat
1208 1588 1242 1649 in
1266 1587 1398 1668 episco-

718 1691 801 1765 patu
821 1683 921 1746 annis
945 1683 1081 1747 circiter
1101 1704 1234 1749 novem.
1287 1685 1398 1769 Cujus

719 1782 932 1864 epitaphium
955 1783 1094 1863 quidam
1118 1785 1305 1848 monachus
1324 1786 1399 1847 Du-

720 1882 904 1945 nelmensis
919 1880 1000 1945 fecit
1018 1883 1098 1958 tale,

481 2010 613 2070 Culmina
627 2008 676 2085 qui
690 2009 753 2084 cupi
896 2006 994 2063 laudes
1009 2026 1180 2084 pompasque
1195 2010 1241 2068 siti

481 2107 535 2164 Est
549 2105 646 2163 sedata
659 2103 683 2160 si
897 2104 920 2159 si
936 2122 980 2160 me
995 2123 1113 2180 pensare
1127 2104 1183 2161 veli
1254 2164 1258 2171 ,

396 2200 402 2213 “
482 2203 540 2265 Qui
554 2200 671 2278 populos
686 2198 746 2274 regi
802 2247 822 2303 t.
896 2218 1035 2257 memores
1050 2220 1134 2278 super
1149 2202 1243 2260 omnia
1257 2203 1281 2259 si
1334 2252 1340 2265 ,

481 2297 567 2360 Quod
580 2314 656 2352 mors
670 2294 749 2351 immi
815 2266 848 2315 ω’
896 2315 953 2352 non
967 2298 1056 2373 parcit
1069 2297 1178 2355 honore
1193 2299 1251 2375 poti
1320 2259 1366 2310 ω’

480 2394 573 2460 Vobis¹
586 2391 706 2469 praeposi
896 2393 996 2450 similis
1009 2393 1120 2451 fueram
1133 2394 1206 2450 bene
1221 2395 1261 2451 sci

481 2490 566 2555 Quod
580 2509 641 2547 sum
656 2507 707 2545 vos
721 2489 762 2543 eri
896 2490 933 2546 ad
946 2509 991 2547 me
1006 2491 1144 2548 currendo
1155 2492 1220 2547 veni

300 2664 351 2673 -
393 2618 650 2704 24‚eorrporooit
698 2616 790 2680 addit
808 2617 934 2695 Paris„
955 2618 1054 2701 cujus
1081 2640 1204 2683 nomen
1230 2621 1296 2685 suit
1320 2622 1401 2685 Rei-

721 2716 882 2793 munduS,
922 2718 1092 2798 quondam
1123 2719 1217 2801 prior
1248 2720 1400 2784 ecclesiae

722 2817 832 2880 sancti
848 2815 986 2882 Albani.

300 2977 351 2987 —
394 2932 450 3012 27,
464 2956 550 3097 quiz
561 2955 651 3018 ··ap·
699 2942 760 3022 qui
776 2942 962 3023 imperialis
981 2942 1169 3024 vulgariter
1184 2943 1387 3026 appellatur.

458 3055 500 3118 po
547 3043 582 3097 ot

302 3161 374 3234 128,
415 3160 444 3236 6,
459 3156 642 3239 ineffabilem
700 3162 792 3226 addit
810 3164 935 3241 Paris„
960 3174 994 3229 et
1011 3166 1072 3228 filii
1089 3167 1156 3229 mei
1174 3165 1317 3231 Henrioi
1332 3168 1400 3231 lar-

723 3282 802 3342 gam
812 3263 1399 3346 eleemosynarumdistributionem,

723 3364 992 3427 necnonservitii
1002 3363 1109 3427 divini
1121 3364 1401 3447 honorem,quem

724 3460 875 3524 Domino
892 3462 1038 3526 devotus
1055 3463 1231 3545 impendit.

303 3618 353 3630 -
397 3581 448 3656 12,
459 3578 652 3663 jam...io-
700 3585 839 3668 quaein
865 3585 998 3650 inferno
1020 3595 1084 3664 est,
1115 3607 1191 3651 eum
1221 3595 1402 3669 exspectat

456 3680 552 3760 foroo
722 3693 930 3767 praeparata.

302 3835 353 3844 —
397 3802 451 3878 26,
465 3811 586 3886 otopoos
701 3809 978 3892 expergefactum

304 3925 377 4002 129,
414 3928 446 4001 8,
458 3927 569 3989 omnmo
572 3948 652 4011 poro
701 3931 905 4011 apostolica.

470 4026 562 4105 tijioio
742 4105 745 4114 Ι

302 4192 353 4203 -
398 4154 451 4227 12,
469 4152 635 4216 irritarent
700 4152 835 4215 irritum
854 4151 1018 4215 facerent.

305 4261 380 4351 130,
397 4277 448 4353 18,
462 4297 554 4338 orcos
700 4274 788 4338 deest.

303 4433 354 4442 —
398 4401 450 4475 19,
468 4397 555 4461 wmbo
701 4397 789 4461 dost.

303 4562 354 4572 -
398 4524 449 4598 25,
463 4521 615 4586 martinio
701 4521 842 4603 spiculis
860 4521 1049 4598 fabricatis,
1068 4522 1233 4586 machinis
1250 4525 1389 4604 aptatis.
