3384 5625
364 775 430 841 178
735 789 935 839 uncrrouus
958 789 1090 838 vnnrm.

378 916 436 953 Pto.
460 915 513 950 ult.

311 1042 314 1046 .
369 980 445 1055 301,
459 975 717 1055 lncanoeeunt
767 976 996 1060 Temporibus
1023 978 1088 1042 sub
1113 974 1240 1039 eisdem
1266 993 1330 1039 rex
1356 972 1470 1038 occul-

533 1075 718 1161 ...inuln'qno
790 1085 862 1140 tum
895 1076 1011 1141 odium
1048 1094 1169 1141 versus
1200 1076 1348 1139 barones
1379 1072 1469 1136 facie

533 1174 664 1239 obediret
789 1177 937 1259 pallians
954 1177 1019 1242 sub
1044 1194 1165 1240 serena
1187 1181 1222 1239 et
1238 1173 1389 1238 ultiones
1407 1192 1470 1235 ex·

789 1276 948 1356 cogitans
982 1274 1065 1339 fecit
1096 1274 1291 1350 adulterari,
1336 1273 1372 1336 id
1416 1277 1471 1335 est

676 1421 679 1426 ·
789 1375 980 1457 vulgariter
1006 1373 1253 1450 contrafacere,
1280 1371 1396 1437 omnia
1424 1371 1471 1434 si-

789 1474 874 1555 gilla
898 1475 1150 1557 episcoporum,
1176 1479 1211 1537 et
1232 1471 1371 1554 scripsit
1393 1471 1470 1535 vice

790 1594 909 1637 corum
940 1574 1098 1637 omnibus
1133 1572 1342 1648 nationibuS,
1377 1570 1470 1651 quod

790 1672 931 1755 Anglici
950 1690 1068 1736 omnes
1087 1678 1186 1736 erant
1203 1676 1387 1754 apostatae,
1403 1669 1470 1733 toti

790 1772 918 1836 mundo
933 1771 1165 1835 detestabiles
1205 1771 1251 1835 Et
1262 1770 1470 1852 quicumque

790 1872 896 1936 vellet
913 1889 972 1935 cos
989 1871 1088 1953 quasi
1104 1876 1282 1953 apostatas
1297 1868 1471 1933 hostiliter

789 1972 966 2053 impetere,
989 1990 1063 2048 rex,
1088 1990 1204 2034 eorum
1230 1977 1266 2034 et
1286 1988 1389 2051 papae
1415 1986 1471 2031 as·

791 2090 894 2135 sensu
918 2077 954 2134 et
975 2069 1194 2147 auctoritate,
1222 2068 1394 2133 conferret
1419 2068 1469 2131 eis

791 2177 901 2233 terras
913 2177 948 2233 et
959 2188 1078 2234 omnes
1089 2188 1207 2233 eorum
1222 2167 1469 2251 possessiones.

791 2267 896 2347 Quod
934 2289 1012 2332 cum
1046 2268 1224 2332 audissent
1254 2273 1386 2331 exterae
1411 2285 1470 2330 ua-

791 2369 914 2445 tiones,
931 2368 1116 2431 noluerunt
1136 2367 1237 2430 fidem
1259 2366 1387 2430 talibus
1407 2363 1469 2429 ad-

789 2466 918 2543 hibere,
940 2467 1023 2547 quia
1043 2467 1226 2531 constabat
1240 2464 1376 2547 Anglos
1396 2484 1470 2528 om·

790 2565 886 2628 nium
901 2565 1174 2630 Christianorum
1190 2584 1265 2629 esse
1280 2563 1475 2647 praeclaris-

791 2665 919 2746 simos3
946 2671 993 2741 et,
1016 2672 1192 2747 comperta
1208 2665 1366 2739 veritate,
1387 2662 1472 2726 talia

790 2764 945 2830 facinora
972 2772 1008 2829 et
1030 2771 1224 2829 commenta
1250 2762 1471 2828 detestaban-

791 2871 860 2942 tur,
883 2865 989 2928 etsie
1012 2865 1137 2928 cecidit
1156 2865 1193 2928 in
1215 2864 1359 2948 laqueos
1384 2881 1472 2945 quos

791 2963 950 3027 tetendit.

369 3128 420 3138 -
465 3083 518 3164 17,
535 3088 695 3171 erpantal-
769 3085 1001 3150 multitudine.

535 3193 596 3249 tnta

370 3346 421 3357 -
465 3307 519 3382 20,
534 3307 705 3373 invenirent
770 3306 864 3371 addit
887 3306 1012 3384 Paris,
1044 3308 1136 3389 cepit
1161 3314 1276 3371 autem
1305 3306 1474 3371 adversus

793 3408 941 3471 barones
974 3408 1010 3470 in
1039 3407 1140 3471 corde
1168 3407 1282 3470 odium
1309 3407 1473 3471 inexora-

794 3506 874 3569 bile.

371 3668 422 3679 -
466 3629 518 3704 22,
531 3627 711 3711 repedetis
773 3646 866 3710 saepe
892 3628 1004 3705 dictis,
1021 3635 1072 3706 ut,
1089 3649 1166 3693 cum
1187 3629 1309 3693 fortior
1335 3650 1476 3694 surrex·

794 3727 891 3802 isset,
908 3726 944 3788 in
960 3727 1129 3809 dissipata
1141 3729 1280 3809 agmina
1301 3729 1416 3794 acrius
1435 3751 1473 3794 se

795 3823 999 3902 vindicaret,
1022 3833 1069 3903 et,
1095 3828 1216 3909 quiin
1250 3847 1369 3892 omnes
1404 3848 1474 3893 non

793 3930 943 4005 poterat,
957 3923 994 3987 in
1006 3926 1162 4010 singulos
1176 3925 1367 3991 desaeviret.
1453 3968 1457 3973 -

373 4087 424 4097 -
468 4047 520 4122 33,
539 4043 708 4130 reserabant
772 4047 1003 4129 explicarunt.

373 4205 424 4214 —
468 4169 717 4251 34,flnatnuntas
772 4172 928 4236 recreati.

375 4288 517 4370 302,17,
533 4293 640 4377 Bnrpo
772 4294 878 4358 Bure.

374 4455 424 4466 -
469 4416 522 4490 20,
537 4415 708 4498 adsuerant
772 4417 865 4481 addit
876 4417 1000 4495 Paris,
1013 4416 1072 4500 qui
1089 4416 1354 4484 innumerabiles
1367 4419 1473 4487 fuere.

373 4571 425 4581 -—
469 4538 522 4614 23,
539 4536 698 4602 hincinde
771 4540 890 4606 dsunt.
