3384 5625
295 755 361 819 296
668 768 871 819 nncrronus
899 769 1033 818 varin.

309 895 367 931 PAG.
390 893 442 930 ult.

300 959 374 1036 304,
390 958 441 1032 20,
460 954 618 1019 coercendi
698 956 791 1020 addit
807 955 931 1031 Paris,
945 953 1006 1017 Me
1021 959 1136 1017 autem
1151 970 1242 1016 uunc
1258 969 1404 1033 exspec-

720 1063 773 1119 tat
793 1056 875 1119 belli
896 1072 1023 1136 anceps
1044 1052 1189 1127 occasio,
1215 1070 1278 1115 nec
1304 1058 1404 1132 patet

721 1156 787 1218 nisi
817 1174 893 1218 cum
938 1153 1104 1217 dedecore
1144 1149 1400 1215 diverticulum.

722 1253 908 1318 Galeatum
927 1272 1004 1316 sero
1021 1251 1126 1315 duelli
1142 1251 1298 1333 poenitet.

300 1378 374 1453 305,
394 1371 446 1451 17,
459 1396 509 1437 soa
523 1372 635 1436 utiliter
698 1376 832 1459 aliquot
847 1395 892 1439 ex
909 1358 1047 1438 eisdem.

463 1496 500 1537 66
513 1493 556 1537 ooo

299 1634 342 1645 -
396 1598 649 1675 18,locoiso...
697 1617 741 1661 ex
760 1616 801 1660 eo
817 1596 915 1659 miles
933 1594 1074 1676 quidam
1088 1592 1310 1659 Hibernicus⁰

463 1707 498 1761 ut
512 1698 600 1782 qipos

298 1862 350 1875 -
395 1823 446 1898 25,
462 1821 565 1906 inquit
587 1867 649 1883 ...
696 1815 816 1880 desum.

462 1919 606 1983 eamdam

296 2085 347 2095 -
393 2045 445 2119 28,
463 2063 523 2106 666
540 2042 605 2105 ictu
697 2038 780 2103 fere.

298 2168 373 2244 306,
414 2168 445 2243 l,
463 2165 614 2251 usquead
698 2164 802 2227 trium
829 2163 960 2226 ictuum
990 2161 1169 2226 indistanti
1196 2163 1403 2245 repetitione

462 2264 641 2329 umbilicum
721 2261 903 2344 dissipavit
920 2269 955 2325 et
969 2261 1144 2326 contrivit.

296 2429 348 2442 -
413 2392 446 2464 8,
463 2388 510 2452 ad
523 2398 640 2452 terram
699 2394 734 2447 et
749 2394 966 2448 enervantes.

296 2549 348 2564 -
393 2511 445 2586 10,
460 2512 628 2594 confossam
698 2507 789 2571 addit
802 2506 928 2581 Paris„
944 2509 1114 2590 sanguine
1131 2508 1285 2592 eliquato
1302 2510 1404 2574 semi·

721 2625 850 2671 necem.

299 2768 350 2780 -
396 2735 651 2817 16666666...
699 2731 742 2794 de
758 2750 847 2814 equo
863 2730 987 2815 ejicere
1002 2750 1070 2795 non
1085 2738 1282 2815 potueruut.

461 2853 522 2895 con
531 2831 652 2915 polaris·

460 2940 526 2995 sont

299 3095 351 3116 .-
395 3056 447 3131 16,
466 3054 502 3116 in
517 3054 652 3137 66666·-
695 3050 769 3133 jam
786 3051 1009 3133 praecipitem.
1062 3051 1217 3131 Quorum
1241 3073 1330 3119 unns
1347 3056 1401 3119 vi-

468 3151 651 3215 oro...oul·
683 3211 688 3223 ,
722 3149 807 3213 dens
822 3151 999 3215 occiduam
1018 3160 1148 3235 partem
1173 3153 1265 3216 dorsi
1289 3155 1404 3219 minus

465 3260 652 3315 coronarunt
724 3250 828 3313 armis
855 3251 1099 3314 communitam
1123 3253 1292 3334 percussit
1322 3273 1402 3317 eum

723 3349 759 3411 in
783 3351 988 3431 posteriora,
1007 3349 1149 3414 loricam
1175 3352 1403 3430 sublevando,

725 3467 801 3510 cum
825 3449 973 3529 quodam
994 3468 1118 3530 genere
1142 3451 1281 3527 cultelli,
1308 3453 1402 3535 quod

725 3547 916 3628 vulgariter
932 3547 1151 3612 ‘Anelacius’
1171 3558 1402 3632 nuncupatur,

725 3652 760 3709 et
786 3646 961 3710 lethaliter
987 3646 1183 3712 vulneravit
1208 3659 1299 3726 eum,
1328 3651 1402 3713 cul-

723 3743 842 3806 tellum
872 3763 981 3825 usqne
1014 3747 1058 3810 ad
1090 3748 1307 3811 manubrium
1337 3750 1401 3812 im·

724 3841 921 3922 mergendo.
1360 3854 1364 3858 “

302 4005 353 4017 -
398 3965 451 4039 28,
467 3961 522 4038 Et,
541 3962 589 4027 lis
605 3964 652 4028 ito
705 3963 951 4044 Quibusortilue
960 3970 1224 4053 popopecuuiom
1236 3971 1402 4035 ortoreorit.

463 4062 578 4147 postis.

453 4163 651 4245 possessioni-

464 4258 518 4322 bus
534 4261 654 4325 incarn·

467 4356 562 4422 bootes

755 4089 800 4153 Et
816 4092 897 4154 dum
915 4093 1000 4156 talia
1024 4093 1207 4158 mundialis
1231 4102 1309 4159 rota
1328 4095 1404 4160 vol·

726 4189 836 4253 vendo
860 4192 1076 4272 perturbaret
1090 4193 1124 4255 in
1145 4195 1301 4276 partibus
1319 4194 1404 4258 vici·

726 4289 792 4365 uis,
813 4290 849 4351 in
874 4291 990 4371 regnis
1014 4292 1238 4356 orientalibus
1259 4293 1349 4357 sicut
1369 4302 1405 4358 et

725 4387 761 4449 in
794 4387 1064 4453 occidentalibus
1095 4393 1293 4469 consimilis
1333 4394 1404 4456 imo

725 4487 914 4566 molestior,
931 4489 1021 4553 inter
1038 4487 1254 4567 Christianos
1278 4492 1405 4556 misera
