3384 5625
667 791 868 841 necrrorras
894 791 1048 845 vaurme..
1333 776 1399 840 233

294 976 353 1059 qui
372 984 523 1040 castrum
536 973 756 1038 Bedefordiae
773 981 927 1057 tempore
952 992 1087 1054 guerrae
1109 980 1212 1038 motae
1233 974 1323 1038 inter
1343 995 1397 1039 re-

296 1097 373 1157 gem
395 1076 418 1139 J
421 1076 588 1140 ohannem
614 1082 648 1137 et
666 1075 814 1137 barones
840 1092 933 1148 suos,
950 1093 1021 1155 ‘pro
1037 1072 1216 1137 voluntate
1245 1073 1397 1157 ejusdem

296 1178 387 1257 regis
402 1177 467 1240 sibi
491 1193 703 1249 concessum,
723 1174 759 1235 in
784 1173 957 1236 territorio
983 1172 1125 1236 alterius
1150 1173 1265 1250 situm,
1284 1174 1399 1237 firma-

297 1276 359 1351 vit,
383 1276 426 1339 de
448 1275 510 1338 tali
537 1274 728 1336 munitione
752 1279 787 1336 et
811 1271 941 1335 divitiis
968 1272 1040 1334 suis
1064 1279 1098 1335 et
1122 1272 1164 1335 de
1194 1273 1396 1355 quibusdam

300 1374 504 1438 consiliariis
534 1373 626 1453 regis
658 1372 724 1435 sibi
751 1371 995 1435 confoederatis
1021 1372 1180 1448 confisus,
1211 1379 1246 1435 et
1270 1372 1399 1437 faciens

297 1473 459 1537 fulcimen
491 1473 533 1536 de
563 1471 696 1535 baculis
725 1471 934 1546 arundineis,
960 1478 1069 1533 terras
1098 1479 1133 1535 et
1160 1472 1397 1553 possessiones

298 1573 482 1636 liberorum
500 1571 675 1634 bominum
693 1589 832 1633 suorum
850 1577 884 1632 et
901 1570 1089 1633 vicinorum
1111 1570 1240 1654 injuste
1265 1570 1398 1636 auferre

300 1692 367 1735 non
393 1671 611 1748 formidavit3
638 1670 810 1751 praecipue
829 1668 975 1748 triginta
995 1669 1081 1731 duos
1102 1669 1226 1733 liberos
1243 1670 1397 1735 homines

299 1772 334 1833 in
360 1771 511 1833 manerio
534 1770 577 1832 de
600 1768 752 1832 Luituna
778 1769 851 1831 sine
871 1767 1004 1849 judicio
1031 1768 1073 1830 de
1101 1768 1172 1830 suis
1193 1771 1398 1833 tenementis

292 1870 543 1945 disseisinavit,
560 1874 595 1931 et
610 1868 778 1949 quasdam
797 1874 958 1949 pasturas
973 1886 1168 1930 communes
1188 1868 1253 1931 sibi
1275 1888 1400 1951 appro-

299 1970 438 2050 priavit.
491 1969 602 2049 Super
626 1968 750 2048 quibus
774 1959 851 2029 cum
869 1966 1008 2046 querela
1022 1966 1065 2029 ad
1084 1966 1257 2030 dominum
1281 1988 1396 2049 regem

298 2069 525 2150 pervenisset,
543 2085 605 2130 rex
623 2065 813 2130 Heriricum
830 2065 873 2128 de
896 2065 1062 2129 Braibroc
1076 2074 1111 2130 et
1129 2067 1294 2147 quosdam
1311 2068 1397 2132 alios

295 2167 505 2249 justitiarios
523 2166 729 2246 assignavit,
753 2184 869 2229 coram
886 2165 1010 2246 quibus
1029 2165 1125 2229 fieret
1141 2166 1330 2247 recognitio
1354 2168 1397 2231 de

298 2266 578 2347 conquerentium
601 2264 791 2328 disseisina.
844 2264 928 2342 Qui,
947 2265 1094 2346 receptis
1112 2265 1298 2329 secundum
1315 2286 1394 2330 con-

300 2366 514 2428 suetudinem
531 2364 833 2445 recognitionibus,
853 2364 965 2427 dictus
985 2364 1176 2441 FalcasiuS,
1193 2366 1396 2430 tenementis

299 2465 399 2528 dictis
425 2464 583 2547 spoliatis
606 2463 818 2547 judicialiter
844 2464 1024 2539 restitutis,
1045 2464 1079 2526 in
1098 2463 1224 2527 damna
1239 2472 1273 2528 et
1283 2466 1397 2549 jactu-

297 2582 368 2627 ram
388 2583 503 2627 eorum
518 2562 653 2627 exstitit
669 2564 926 2626 condemnatus.
967 2562 1069 2640 Quod
1085 2582 1153 2626 non
1170 2552 1271 2645 aequo
1285 2564 1397 2628 serens

299 2664 413 2726 animo
440 2662 632 2739 FalcasiuS,
657 2669 778 2724 contra
800 2680 919 2742 pacem
941 2662 1051 2742 regni,
1073 2680 1177 2743 super
1203 2682 1240 2725 se
1259 2664 1395 2727 levatus

297 2761 425 2826 dictum
443 2761 634 2825 Henricum
651 2760 694 2823 de
710 2762 877 2825 Braibroc
896 2760 1062 2824 violenter
1076 2761 1167 2842 cepit
1184 2768 1219 2825 et
1229 2763 1265 2824 in
1280 2769 1395 2828 castro

299 2881 362 2925 suo
392 2861 435 2924 de
465 2861 637 2924 Bedeford
661 2861 900 2924 incarceravit.
953 2860 1032 2938 Quo
1058 2861 1188 2936 audito,
1213 2881 1276 2925 rex
1304 2863 1395 2944 apud

300 2960 580 3024 Nortbantonam
609 2962 773 3036 existenS,
801 2980 877 3023 cum
905 2960 1125 3040 magnatibus
1152 2959 1224 3022 suis
1252 2961 1295 3024 de
1314 2963 1395 3025 sub-

299 3061 458 3123 ventione
483 3059 651 3122 Pictaviae
674 3066 861 3122 tractatum
885 3059 1027 3135 babens,
1056 3066 1190 3123 mutato
1217 3062 1394 3143 proposito

298 3179 341 3221 ex
357 3178 439 3222 casu
454 3158 630 3234 incidenti,
644 3158 784 3221 divertit
797 3157 841 3220 ad
856 3165 1005 3220 castrum
1024 3158 1238 3222 Bedefordiae
1260 3167 1294 3223 et
1310 3161 1394 3223 illud

300 3257 475 3321 obsidione
490 3257 645 3333 vallavit,
662 3258 698 3320 in
721 3276 789 3338 quo
813 3256 926 3318 dictus
951 3255 1125 3320 Henricus
1143 3260 1325 3322 tenebatur
1341 3261 1395 3322 in·

297 3363 514 3435 carceratus3
542 3365 589 3432 et,
611 3355 704 3418 facta
726 3356 818 3418 trina
841 3355 1027 3418 monitione
1049 3375 1110 3437 per
1130 3362 1199 3418 tres
1220 3357 1292 3421 dies
1314 3378 1397 3421 con-

298 3457 413 3519 tinuos
444 3456 610 3519 militibus
635 3456 670 3516 in
698 3461 810 3517 castro
842 3453 1070 3517 existentibus
1096 3473 1200 3537 super
1223 3455 1396 3521 deditione

295 3556 415 3631 castri,
449 3554 727 3636 archiepiscopus
754 3553 789 3616 S.
814 3552 1074 3616 cantuariensis
1098 3561 1134 3617 et
1162 3553 1219 3616 alii
1243 3555 1396 3638 episcopi

297 3653 345 3717 ibi
358 3655 558 3730 existentes,
575 3671 652 3714 cum
671 3653 853 3715 abbatibus
871 3660 906 3715 et
923 3652 1000 3715 aliis
1015 3652 1182 3735 praelatis,
1199 3652 1394 3718 Falcasium

294 3760 332 3815 et
347 3753 413 3816 sibi
430 3753 684 3815 consentientes
701 3753 1098 3828 excommunicaverunt,
1115 3752 1227 3835 ipsum
1245 3753 1396 3836 utlagari

297 3852 528 3915 decernentes.
569 3850 638 3914 Per
653 3851 830 3915 machinas
847 3853 954 3933 igitur
971 3858 1006 3914 et
1021 3852 1136 3916 varias
1153 3852 1394 3917 insultationes

298 3950 431 4030 regales
460 3951 589 4014 dictum
617 3956 767 4013 castrum
793 3957 1082 4031 expugnaverunt
1099 3951 1255 4028 viriliter,
1272 3959 1306 4015 et
1323 3972 1395 4017 cor-

298 4058 440 4112 ruerunt
456 4049 563 4131 aliqui
579 4049 621 4112 de
645 4049 748 4128 regiis
772 4048 936 4119 militibus
959 4067 1019 4128 per
1042 4049 1176 4129 spicula
1200 4050 1395 4114 balistario·

298 4169 374 4211 rum
392 4150 629 4225 obsessorum3
652 4148 742 4209 inter
767 4165 854 4228 quos
872 4145 1003 4208 Giffard
1021 4147 1150 4210 corruit
1170 4147 1301 4229 spiculo
1318 4168 1395 4228 per·

297 4267 431 4323 cussus,
445 4247 543 4309 miles
558 4246 844 4326 elegantissimus
886 4244 1039 4309 Tandem
1053 4246 1089 4309 in
1098 4245 1218 4328 vigilia
1229 4245 1397 4330 Assump-

298 4347 414 4422 tioniS‚
441 4364 518 4408 cum
547 4345 682 4408 circiter
709 4364 770 4426 per
799 4363 923 4408 novem
952 4346 1161 4426 septimanas
1184 4346 1394 4411 obsidionem

297 4446 569 4520 continuassent,
598 4451 737 4526 captum
768 4450 821 4507 est
850 4450 1011 4520 castrum,
1046 4451 1081 4507 et
1106 4465 1223 4509 omnes
1250 4447 1398 4511 ministri

300 4545 462 4621 Falcasii,
487 4545 546 4624 qui
571 4544 607 4605 in
631 4562 671 4606 eo
694 4543 825 4607 inventi
847 4550 940 4620 sunt,
957 4543 1080 4624 quibus
1098 4553 1245 4626 praeerat
1261 4547 1397 4611 Willel-
