3384 5625
342 764 386 825 50
717 774 915 822 uuerrouns
939 773 1073 821 vlnus.

355 903 412 941 Pac.
435 901 487 937 liu.

346 967 419 1038 155,
438 965 491 1035 32,
510 960 597 1024 loeas
616 1008 623 1021 .
641 1007 648 1021 .
666 1006 695 1020 ..
744 960 871 1023 fluvius
890 966 943 1022 est
958 959 993 1022 in
1009 978 1079 1041 qno
1096 957 1119 1022 J
1122 977 1214 1021 esus.

502 1060 634 1141 flumine

347 1187 420 1262 156,
458 1188 491 1258 8,
508 1180 588 1246 unde
743 1178 879 1241 ibidem.

344 1352 395 1362 -
440 1309 491 1385 16,
507 1305 644 1387 Hdpsaeo
670 1313 698 1368 et
747 1301 861 1365 There
894 1300 1028 1364 follows
1056 1302 1093 1363 in
1125 1301 1184 1364 the
1220 1299 1336 1382 Royal
1369 1300 1447 1365 MS.

510 1404 618 1469 Abdio
768 1400 877 1465 ‘Haec
892 1409 1007 1463 autem
1018 1419 1063 1463 ex
1079 1399 1166 1463 libro
1180 1400 1385 1463 venerabilis
1401 1402 1450 1465 vi-

767 1501 797 1563 ri
810 1498 990 1574 Willelmi,
1008 1498 1174 1580 Tyrensis
1187 1498 1449 1581 archiepiscopi,

769 1599 944 1679 exscripta
962 1598 1004 1660 de
1021 1597 1240 1679 captionibus
1252 1595 1449 1662 Antiochiae

768 1704 803 1761 et
822 1695 1030 1773 Jerusalem,
1055 1698 1113 1759 ubi
1131 1695 1204 1758 dux
1232 1696 1449 1761 Normanno·

769 1816 844 1859 rum
862 1796 1036 1859 Robertus
1051 1814 1130 1857 cum
1146 1795 1219 1857 suis
1237 1794 1449 1859 Normannis

769 1905 804 1958 et
830 1893 958 1976 Anglis
991 1896 1104 1958 locum
1135 1894 1247 1958 tenuit
1279 1894 1449 1975 potiorem

769 2001 804 2057 et
826 1995 901 2057 sine
925 1994 1051 2075 quibus
1073 1993 1158 2056 nihil
1185 1993 1349 2056 memoria
1376 1994 1449 2075 dig·

771 2113 852 2154 uum
870 2099 1008 2174 pactum
1026 2098 1091 2167 est,
1104 2090 1288 2155 sufficiant.
1319 2091 1356 2154 Si
1371 2094 1449 2174 quis

769 2190 944 2253 residuum
968 2189 1046 2253 libri
1072 2190 1161 2253 alius
1185 2209 1319 2253 necnon
1338 2198 1373 2254 et
1398 2191 1451 2254 al·

770 2291 878 2352 terius
895 2288 972 2351 libri
987 2290 1103 2370 inquo
1121 2288 1292 2352 mirabilia
1308 2290 1451 2353 orientis

772 2395 807 2451 et
822 2388 879 2452 lex
904 2387 1115 2450 Machometi
1137 2387 1448 2469 pseudoprophetae

769 2487 1000 2562 continentur,
1020 2506 1123 2569 quem
1139 2484 1230 2549 idem
1252 2485 1448 2550 Willelmus

771 2586 813 2649 de
837 2584 998 2649 Arabicis
1023 2585 1171 2648 fideliter
1192 2603 1234 2648 ac
1255 2584 1449 2648 luculenter

771 2684 1026 2766 exemplaribus
1050 2683 1228 2747 transtulit
1254 2691 1289 2747 et
1312 2685 1451 2766 scripsit

770 2785 805 2846 in
831 2783 978 2860 Latinis,
1005 2784 1172 2866 inspicere
1194 2783 1254 2865 qui
1277 2782 1450 2848 desiderat

770 2883 862 2964 apud
887 2883 920 2945 S.
941 2880 1115 2945 Albanum
1139 2882 1279 2945 sedulus
1298 2883 1451 2947 inveniet

769 2978 991 3062 explorator.’
1033 2981 1132 3044 Then
1160 3000 1205 3043 on
1232 2980 1289 3044 the
1316 2983 1451 3062 margin

768 3080 816 3161 by
838 3079 897 3142 the
920 3098 1015 3142 same
1038 3078 1143 3155 hand,
1168 3077 1301 3141 ‘Hunc
1323 3080 1449 3144 librum

770 3178 851 3240 tulit
888 3179 992 3259 episc.
1020 3178 1176 3242 Winton.
1212 3177 1252 3239 P.
1282 3178 1324 3240 de
1357 3185 1450 3243 terra

769 3285 902 3352 sancta,
930 3296 1032 3359 quem
1054 3277 1114 3341 vix
1140 3275 1201 3359 qui
1226 3276 1301 3339 haec
1327 3277 1450 3359 scripsi

767 3377 813 3438 ab
829 3377 949 3440 eodem
966 3376 1172 3458 impetravi!

349 3542 400 3553 -
444 3502 495 3575 26,
512 3501 647 3564 dicerent
747 3497 931 3561 dixissent.

351 3622 426 3696 157.
444 3624 701 3704 24,Nooofores-
749 3619 887 3683 Novam
906 3619 1082 3684 forestam.

514 3730 548 3783 ia

353 3844 426 3916 158,
447 3845 499 3918 28,
516 3852 544 3905 el
563 3841 700 3926 offusco-
747 3841 865 3905 dsunt.

519 3951 565 4003 ret

352 4105 402 4115 -
446 4066 498 4140 32,
516 4064 677 4128 somniasse
748 4065 841 4129 addit
857 4065 980 4143 Paris,
997 4066 1087 4130 Item
1102 4068 1284 4134 videbatur
1301 4070 1374 4152 regi
1390 4091 1453 4152 per

770 4166 942 4229 somnium
958 4172 1059 4230 nocte
1079 4168 1239 4247 proxima
1259 4177 1340 4232 ante
1360 4169 1451 4233 diem

770 4266 891 4327 mortis
917 4285 1000 4341 suae,
1032 4264 1124 4347 quod
1154 4265 1243 4330 vidit
1266 4287 1370 4331 unum
1399 4268 1452 4331 in·
1575 4342 1580 4348 ,

773 4361 902 4425 sautem
928 4363 1195 4446 pulcherrimum
1215 4385 1320 4448 super
1341 4367 1453 4431 altare

772 4461 957 4540 quoddam,
993 4470 1028 4526 et
1060 4464 1201 4544 cupiens
1236 4474 1272 4528 et
1297 4466 1452 4530 esuriens
