3384 5625
293 767 359 830 264
663 783 861 830 nnc‘rronns
884 783 1019 831 vaura.-

295 961 424 1025 addens
446 960 537 1042 qnod
560 980 650 1023 nuuc
674 960 795 1024 ultimo
821 960 947 1024 milites
970 959 1213 1042 stipendiarios
1236 960 1271 1022 in
1293 979 1398 1023 suum

296 1059 532 1143 praejudicinm
559 1068 594 1123 et
617 1078 805 1141 gravamen
830 1060 1073 1123 retinebamus,
1127 1057 1276 1141 Propter
1303 1060 1400 1141 quod

295 1160 381 1241 ipse,
390 1158 537 1241 jubebat
562 1159 719 1222 omnibus
743 1158 910 1221 militibus
937 1157 1137 1240 peregrinis,
1160 1157 1399 1241 cujuscunque

296 1265 411 1321 esseut
427 1258 588 1334 nationis
606 1258 696 1321 sient
713 1277 750 1319 se
765 1276 896 1338 suaque
906 1256 1108 1338 diligebant,
1124 1276 1167 1320 ne
1181 1266 1400 1322 remanerent

298 1358 333 1419 in
350 1364 443 1419 terra
459 1358 502 1419 ab
525 1356 585 1419 illa
607 1355 662 1419 die
678 1356 714 1417 in
730 1363 856 1433 antea;
884 1357 1087 1438 praecipiens
1105 1356 1222 1420 comiti
1239 1356 1398 1433 Thomae,

298 1475 401 1537 quem
423 1455 587 1518 ballivum
609 1455 645 1516 in
668 1462 760 1518 terra
777 1455 969 1536 relinquere
986 1456 1200 1537 disponebat,
1219 1462 1258 1519 ut
1278 1475 1399 1537 quem-

299 1574 434 1637 cunque
460 1574 504 1617 ex
531 1562 613 1617 tunc
635 1553 805 1617 inveniret
827 1554 964 1635 puniret
987 1555 1222 1637 corporaliter,
1245 1554 1333 1618 adeo
1359 1563 1399 1619 ut

297 1654 401 1717 unius
424 1672 527 1735 poena
550 1653 667 1715 multis
688 1652 776 1715 foret
794 1652 839 1715 ad
860 1659 1034 1716 terrorem.
1087 1652 1221 1731 Quibus
1239 1654 1399 1717 omnibus

301 1752 558 1827 consummatis,
575 1751 670 1814 nulla
685 1750 910 1815 excusatione
928 1752 981 1817 vel
1000 1752 1222 1834 responsione
1246 1752 1400 1816 admissa

301 1852 344 1914 ad
367 1871 409 1914 ea
434 1871 513 1933 quae
538 1858 607 1913 tam
626 1851 853 1931 ignominiose
869 1849 1007 1914 fuerant
1023 1851 1215 1931 divulgata,
1232 1852 1397 1929 recessit;

299 1959 333 2014 et
348 1951 466 2014 statim
483 1951 525 2013 ad
543 1956 662 2031 portas
680 1950 831 2013 civitatis
849 1950 1045 2013 balistarios
1062 1950 1145 2031 poni
1162 1951 1296 2025 statuit,
1311 1970 1401 2032 prae-

300 2050 429 2131 cipiens
459 2050 509 2112 eis
538 2056 577 2111 ut
606 2048 729 2111 fratres
761 2048 899 2129 Templi
928 2050 1022 2112 exire
1051 2050 1301 2130 permitterent,
1331 2069 1400 2113 non

300 2150 441 2213 intrare.
493 2148 653 2229 Denique
681 2154 752 2210 tam
783 2147 958 2224 ecclesias,
989 2167 1092 2229 qnam
1120 2148 1189 2210 alia
1213 2147 1290 2211 loca
1318 2149 1401 2211 emi·

300 2249 417 2312 nentia
432 2247 597 2323 civitatis,
623 2247 747 2308 muniri
761 2246 868 2329 jussit
894 2247 1094 2324 balistariis,
1117 2254 1152 2310 et
1169 2247 1246 2310 loca
1269 2247 1400 2329 specia-

299 2347 379 2409 liter
404 2365 465 2427 per
493 2366 570 2427 quae
594 2346 637 2407 ad
664 2364 727 2408 nos
751 2345 852 2407 etad
881 2344 1019 2409 domum
1047 2346 1183 2427 Templi
1209 2345 1402 2410 habebatur

299 2463 458 2507 accessus
475 2462 485 2521 ;
513 2444 699 2525 sciatisque
714 2442 806 2524 quod
827 2463 1004 2526 nunquam
1031 2445 1211 2508 Saracenis
1229 2452 1301 2508 tam
1319 2464 1400 2527 gra·

196 2613 200 2620 ,
301 2544 353 2607 vis
371 2544 507 2607 exstitit
524 2549 585 2606 aut
602 2542 757 2618 nocivus,
776 2542 830 2605 vel
851 2553 972 2607 contra
986 2564 1045 2608 eos
1060 2551 1193 2607 tantum
1211 2544 1398 2608 animosus.

301 2642 411 2727 Cujus
428 2662 491 2706 nos
514 2641 729 2705 manifestam
749 2641 917 2705 malitiam
937 2644 1199 2725 perpendentes,
1217 2651 1288 2707 tam
1312 2663 1399 2725 prae·

300 2744 391 2807 latos
421 2761 524 2825 quam
556 2741 755 2824 peregrinos
785 2741 946 2804 duximus
978 2742 1228 2821 convocandos,
1262 2762 1402 2806 excom-

300 2845 513 2906 municantes
531 2861 648 2905 omnes
669 2841 759 2916 illos,
783 2842 842 2922 qui
860 2849 981 2906 contra
1006 2843 1184 2905 ecelesiam
1204 2842 1259 2906 vel
1275 2841 1400 2906 fratres

301 2942 437 3023 Templi
464 2949 498 3004 et
520 2940 607 3004 alios
632 2947 733 3003 terrae
756 2940 935 3020 religiosos
956 2941 1010 3004 vel
1033 2942 1233 3023 peregrinos
1255 2940 1322 3022 ipsi
1337 2942 1400 3005 im-

302 3040 453 3121 peratori
484 3039 663 3102 consilium
692 3039 929 3119 impenderent
957 3048 1018 3103 aut
1042 3041 1219 3123 juvamen.
1283 3039 1401 3118 Quare

301 3139 412 3218 magis
436 3138 666 3217 intumescens
687 3137 874 3218 imperator
897 3158 1015 3201 omnes
1039 3139 1202 3205 introitus
1222 3139 1303 3203 fecit
1327 3139 1401 3203 dili-

300 3236 438 3318 gentius
460 3235 637 3311 custodiri,
661 3234 829 3299 inhibens*
843 3257 885 3300 ne
916 3237 959 3300 ad
986 3256 1062 3314 noS,
1085 3239 1140 3301 vel
1169 3238 1213 3301 ad
1239 3239 1317 3302 illos
1339 3240 1400 3320 qui

299 3335 478 3400 nobiscum
504 3342 631 3410 essent,
662 3335 827 3398 victualia
854 3335 1046 3399 deferentes
1071 3338 1400 3418 appropinquarent,
1473 3335 1475 3340 ’

301 3455 432 3518 ponens
452 3434 602 3516 undique
625 3434 823 3497 balistarios
846 3442 882 3497 et
897 3436 1110 3515 sagittarios,
1136 3436 1261 3517 quibus
1282 3456 1346 3500 nos
1364 3445 1400 3500 et

300 3534 425 3598 fratres
448 3533 582 3614 Templi
604 3552 644 3596 ac
670 3533 868 3614 peregrinos
897 3535 1050 3613 graviter
1078 3533 1327 3616 impugnabat3
1351 3542 1399 3611 et,

300 3641 339 3695 ut
361 3633 595 3712 excogitatam
621 3631 787 3693 malitiam
815 3631 1030 3712 adimpleret,
1055 3632 1195 3696 Fratres
1226 3632 1399 3697 Praedica-

301 3742 392 3793 tores
423 3750 463 3791 ac
494 3729 659 3810 quosdam
695 3728 863 3804 MinoreS,
894 3731 953 3810 qui
984 3731 1018 3793 in
1048 3730 1170 3794 Ramis
1204 3732 1398 3813 palmarum

299 3829 383 3890 locis
410 3828 552 3888 statutis
581 3833 814 3888 convenerant
838 3827 881 3889 ad
908 3830 1163 3910 praedicandum
1192 3830 1298 3894 verba
1326 3830 1396 3894 Do

300 3926 395 4001 mini,
407 3944 468 4006 per
485 3925 652 3987 satellites
665 3944 747 3988 snos
764 3926 837 4006 rapi
855 3926 937 3990 fecit
950 3928 992 3990 de
1014 3928 1157 4010 pulpitis
1171 3929 1254 3991 etin
1273 3936 1397 3993 terram

300 4024 481 4108 prosterni,
504 4024 641 4087 extrahi
666 4032 703 4087 et
730 4026 830 4106 quasi
850 4026 1002 4090 latrones
1025 4046 1085 4108 per
1109 4027 1284 4091 civitatem
1300 4026 1401 4092 fusti-

300 4127 387 4206 gari.
441 4124 587 4200 Deinde,
602 4143 680 4186 cum
697 4124 829 4188 videret
846 4126 938 4208 quod
953 4146 1014 4207 per
1031 4125 1231 4206 praedictam
1249 4124 1400 4191 obsidio·

299 4244 376 4287 nem
406 4223 497 4304 quod
530 4223 730 4287 intendebat
763 4244 832 4287 non
864 4224 1042 4307 obtineret,
1077 4223 1159 4286 feeit
1187 4224 1329 4287 tractari
1357 4225 1401 4288 de

300 4341 407 4403 paee;
435 4321 478 4384 ad
497 4321 588 4401 quod
609 4321 860 4402 respondimus,
882 4323 973 4405 quod
995 4322 1167 4385 noluimus
1190 4323 1285 4403 pacis
1308 4328 1401 4386 trac·

301 4427 410 4483 tatum
440 4419 619 4482 admittere
648 4420 713 4482 nisi
740 4421 834 4501 prins
862 4423 985 4485 amotis
1011 4421 1176 4484 custodiis
1203 4421 1401 4484 balistario·

302 4537 376 4580 rum
403 4524 437 4579 et
461 4517 605 4580 aliorum
627 4526 851 4596 armatorum,
878 4520 1003 4583 ablatis
1027 4521 1131 4583 etiam
1153 4520 1251 4583 bonis
1265 4521 1401 4583 nostris
