3384 5625
669 766 870 816 unorrouns
893 764 1028 813 varin.
1335 749 1400 814 105

295 893 416 930 uleus.

319 951 351 1032 7,
367 958 419 1031 25,
435 954 547 1019 occulte
695 953 830 1019 occulte
864 950 972 1033 aliqui
1006 948 1029 1013 J
1034 947 1222 1026 udeeorunl,
1252 968 1398 1031 quorum

718 1053 896 1135 proprium
927 1056 980 1114 est
1002 1048 1175 1131 prohibita
1201 1055 1399 1131 perpetrare

719 1159 825 1234 atque
837 1151 963 1226 faeere,
978 1148 1062 1212 illuc
1076 1147 1270 1212 infeliciter.

319 1315 347 1328 -
368 1277 425 1350 26,
439 1284 467 1340 et
486 1275 569 1339 diris
585 1297 651 1339 aar·
698 1275 833 1356 regales
846 1273 985 1355 egregie
1002 1272 1196 1336 baculatos.

450 1374 568 1439 doridos
599 1376 652 1459 af·

442 1477 587 1558 secemaat

322 1601 353 1672 8,
392 1600 424 1673 4,
437 1596 477 1661 ad
491 1598 550 1661 dac
565 1596 656 1661 dada¹
698 1592 815 1657 darent.

321 1762 348 1773 -
393 1726 422 1797 5,
438 1720 623 1785 dodomidac
698 1717 831 1781 domos,

322 1846 349 1896 -’
394 1846 422 1921 6,
440 1845 570 1909 ddcarsds
593 1892 624 1906 ..
644 1894 651 1908 .
703 1840 888 1903 tutioribus
904 1841 1093 1905 latitantes.

453 1944 654 2008 reddiderant

323 2108 350 2119 -
393 2072 424 2142 8,
443 2068 587 2131 inchoate
702 2062 848 2143 antiqui.

324 2232 351 2242 -
393 2194 552 2267 Quam„
568 2212 655 2255 ,coa-
703 2191 739 2247 et
772 2183 886 2248 sactus
920 2193 974 2249 est
1005 2185 1028 2249 J
1033 2187 1140 2249 udaeis
1173 2206 1283 2250 annus
1323 2209 1404 2252 eon-

446 2290 587 2373 fusionis
723 2283 878 2348 fusionis.

326 2454 352 2465 -
375 2416 428 2488 13,
445 2414 591 2497 quosdam
704 2413 776 2469 tres
797 2407 987 2489 culpabiles
1012 2415 1047 2471 et
1068 2410 1154 2474 alios
1176 2412 1406 2493 proterviores

453 2512 597 2597 suspendi
726 2505 809 2569 fecit
824 2507 1067 2589 comprehendi
1083 2515 1118 2572 et
1133 2510 1305 2592 suspendi.

327 2674 353 2686 -
376 2637 428 2710 24,
446 2634 628 2698 Bdcdordcs
703 2630 790 2694 deest.

327 2798 353 2811 ..
376 2756 430 2833 27,
445 2779 500 2821 rra.
515 2804 522 2821 .
537 2803 544 2819 .
557 2755 657 2842 fords-
704 2754 754 2818 eis
772 2753 998 2819 forisfaceret.

444 2857 557 2942 'faciat

328 3022 355 3033 -
376 2984 427 3057 28,
445 2981 583 3044 ciuitates
706 2978 800 3042 addit
816 2979 943 3056 Paris,
960 2980 1087 3043 Omnia
1101 2999 1184 3045 vero
1205 2984 1410 3048 commercia

728 3098 843 3142 rerum
864 3079 1038 3143 venalium
1056 3100 1118 3162 per
1134 3087 1245 3146 totum
1265 3102 1408 3165 regnum

730 3179 923 3242 constituta
958 3187 1041 3243 sunt
1070 3179 1230 3261 legaliter
1263 3189 1299 3245 et
1326 3183 1411 3245 irre·

730 3276 948 3357 fragabiliter
963 3279 1065 3341 unius
1081 3279 1242 3360 ponderis
1264 3288 1300 3344 et
1316 3301 1410 3344 men·

729 3394 831 3438 surae.

331 3547 358 3558 -
380 3509 432 3581 30,
447 3506 514 3568 Idan
528 3504 662 3567 Biclar—
711 3499 921 3582 Magnificus
945 3505 1061 3563 autem
1083 3520 1144 3563 rex
1164 3501 1360 3565 Richardus
1377 3510 1413 3568 et

460 3604 519 3667 dos
531 3650 539 3664 .
552 3649 579 3665 ..
594 3623 662 3666 con·
732 3599 913 3664 munificus
924 3599 1102 3664 monachis
1114 3600 1411 3680 cisterciensibuS,

451 3701 599 3782 fimavit
733 3699 777 3762 ad
800 3700 988 3781 capitulum
1013 3701 1173 3782 generale
1199 3701 1241 3764 de
1267 3700 1412 3766 diversis

735 3798 835 3862 terris
863 3808 897 3863 et
917 3800 1115 3884 longinquis
1138 3799 1356 3865 venientibus
1377 3809 1412 3867 et

734 3900 1029 3976 convenientibus,
1049 3906 1186 3963 centum
1204 3920 1338 3964 marcas
1360 3922 1412 3965 ar-

734 3998 828 4078 genti
860 3999 1036 4062 annuatim
1064 3999 1301 4080 percipiendas
1331 4021 1413 4065 con·

735 4095 837 4174 tulit;
865 4097 957 4178 quod
988 4104 1024 4159 et
1048 4095 1169 4161 charta
1197 4116 1261 4160 sua
1285 4100 1413 4162 eisdem

734 4193 962 4272 confirmavit,
974 4201 1009 4257 et
1018 4193 1082 4258 hoc
1099 4195 1141 4259 de
1154 4195 1301 4260 ecelesia
1310 4217 1414 4280 quam

735 4292 864 4358 habent
879 4294 915 4356 in
930 4293 1179 4377 Scardeburga.

339 4423 370 4496 9,
409 4419 668 4504 episcoporum
713 4416 807 4481 addit
825 4417 953 4494 Paris,
981 4424 1017 4482 et
1042 4417 1187 4484 aliorum
1214 4428 1415 4503 magnetum

736 4537 888 4581 suorum.
