3384 5625
666 803 867 853 nncrrouns
891 804 1024 853 viarm.
1353 793 1397 856 95

339 988 417 1065 tati,
434 994 507 1052 tum
524 987 566 1051 de
590 988 743 1053 adventu
762 988 856 1052 beati
873 986 1075 1071 Ampbibali
1101 988 1258 1071 magistri
1281 989 1336 1053 sui
1358 991 1394 1053 in

337 1088 525 1165 civitatem,
547 1095 619 1153 tum
638 1088 681 1151 de
696 1108 834 1152 recessu
852 1089 896 1152 ab
913 1088 1060 1152 invicem
1077 1088 1303 1177 lamentabili,
1320 1098 1393 1154 tum

338 1187 381 1250 de
401 1190 581 1271 utriusque
601 1189 770 1270 passione.
823 1188 870 1252 Et
898 1207 1113 1271 quaecunque
1142 1188 1318 1253 Robertus
1346 1191 1395 1252 in-

339 1294 515 1370 terrogare
540 1288 691 1365 volebat,
723 1294 857 1371 martyr
881 1295 1041 1370 prompta
1071 1290 1295 1370 responsione
1325 1288 1396 1352 dis-

338 1389 485 1453 serebat.
537 1387 696 1468 Contigit
714 1397 843 1463 autem,
872 1395 912 1451 ut
939 1388 1029 1451 inter
1052 1387 1261 1469 loquendum
1289 1407 1394 1469 quos-

340 1487 419 1550 dam
448 1496 659 1552 mercatores
686 1487 729 1551 de
757 1487 955 1570 Dunstaple
979 1488 1144 1552 haberent
1172 1489 1305 1565 obvioS,
1335 1489 1395 1569 qui

341 1606 442 1650 mane
456 1587 622 1652 interesse
638 1587 713 1652 foro
728 1586 764 1650 in
781 1606 872 1668 pago
887 1588 999 1650 sancti
1014 1585 1144 1651 Albani
1164 1608 1227 1670 pro
1247 1587 1395 1668 negotiis

340 1687 572 1767 festinabant;
600 1706 744 1770 quorum
767 1686 953 1749 adventum
974 1686 1164 1768 praedicens
1187 1688 1236 1750 ait
1252 1693 1396 1768 martyr,

342 1786 588 1851 ‘Divertamus
619 1786 796 1867 paulisper
830 1785 940 1849 donec
975 1786 1237 1867 pertransierint
1269 1785 1396 1849 adven-

342 1893 470 1962 tantes,
485 1906 527 1950 ne
545 1886 634 1950 forte
650 1886 716 1949 iter
732 1891 887 1949 nostrum
902 1884 1092 1967 impediant
1106 1885 1363 1967 percunctando
1374 1886 1396 1964 ;'

342 1985 408 2050 iter
420 1986 510 2050 enim
527 1986 571 2049 ab
588 2005 629 2049 eo
645 1985 854 2049 coruscavit.
881 1982 983 2062 Quod
1000 1993 1035 2047 et
1051 1985 1180 2048 factum
1198 1992 1263 2050 est.
1307 1984 1394 2050 Cum

342 2091 456 2148 autem
466 2084 704 2169 pervenissent
715 2084 758 2148 ad
775 2084 923 2147 medium
936 2084 1071 2148 circiter
1085 2084 1229 2161 itineris,
1243 2085 1300 2147 ubi
1315 2085 1393 2147 duae

346 2186 485 2249 arbores
507 2186 544 2247 in
566 2184 678 2248 medio
695 2190 817 2247 stratae
834 2183 985 2259 fuerant,
1003 2183 1052 2247 ait
1068 2190 1212 2265 martyr,
1228 2183 1288 2245 ‘H
1292 2203 1394 2247 ucus-

346 2303 413 2366 que
429 2284 515 2347 duxi
536 2284 739 2365 magistrum
756 2302 870 2346 meum
888 2284 1026 2346 beatum
1044 2282 1303 2364 Amphibalum,
1319 2303 1395 2346 cum

346 2383 468 2448 ultimo
486 2384 523 2446 in
540 2383 604 2447 bac
620 2384 695 2447 vita
715 2381 882 2446 mundiali
908 2382 1200 2465 lachrymabiliter
1220 2384 1395 2466 colloque-

345 2485 479 2561 bamur,
495 2492 578 2548 tunc
601 2484 645 2547 ab
667 2483 814 2546 invicem
830 2483 1025 2546 recessuri!
1077 2483 1124 2546 Et
1140 2483 1207 2546 nisi
1224 2483 1398 2565 splendor,

344 2584 403 2665 qui
426 2602 448 2647 a
471 2591 622 2665 martyre
650 2582 869 2663 procedebat,
896 2583 1038 2645 obtutus
1066 2582 1212 2646 Roberti
1238 2585 1397 2646 reverbe-

345 2689 467 2761 rasset,
494 2690 530 2747 et
553 2682 656 2747 timor
680 2701 760 2745 cum
783 2679 1006 2762 simplicitate
1036 2680 1256 2744 refraenasset
1284 2682 1396 2761 ipsum

346 2783 550 2861 Robertum,
581 2781 624 2846 de
658 2780 776 2845 multis
810 2787 882 2845 tam
914 2779 1039 2844 futuris
1070 2798 1174 2863 quam
1211 2780 1396 2864 praeteritis

345 2890 486 2948 sanctus
503 2882 737 2948 certificasset.

306 3024 363 3061 PAO.
385 3024 437 3061 un.

295 3088 372 3164 390,
411 3090 442 3162 8,
450 3087 545 3170 farsis
694 3082 806 3147 fossis.

294 3251 346 3262 —
390 3207 603 3296 raperetur
694 3204 891 3290 persolvere
904 3205 1094 3269 consuevit.

294 3368 346 3377 —
390 3334 442 3409 36,
458 3333 605 3398 mitrata
694 3329 869 3405 militabit,
887 3328 1073 3411 multisque
1095 3327 1247 3410 proderit
1270 3329 1314 3392 ad
1340 3350 1396 3393 sa-

716 3428 833 3492 lutem.
879 3427 1053 3491 Robertus
1069 3448 1150 3491 vero
1168 3428 1256 3490 aeris
1273 3435 1308 3491 et
1324 3428 1399 3509 pla-

717 3528 813 3592 nitiei
824 3528 937 3592 visum
951 3526 1131 3589 dimetiens
1149 3526 1282 3608 lapides
1297 3546 1397 3608 quos-

716 3629 809 3705 dam,
837 3629 897 3711 qui
923 3626 971 3690 ibi
994 3620 1169 3710 jacebant,
1195 3627 1335 3708 collegit
1363 3633 1398 3690 et

698 3728 841 3792 *ibidem
876 3726 1022 3809 quodam
1059 3728 1233 3792 schemate
1268 3727 1397 3793 locavit

717 3828 847 3903 dicenS,
875 3826 967 3890 ‘His
992 3829 1093 3891 metis
1119 3829 1161 3892 de
1186 3829 1252 3893 hoc
1275 3836 1395 3893 sancto

717 3928 793 3992 loco
808 3946 885 3990 cras
900 3926 1336 4008 pleniusedoceborJ-ln
1355 3928 1396 3989 B.

717 4027 752 4088 in
771 4025 883 4090 Paris'
902 4026 1005 4089 hand.

298 4157 372 4232 391,
414 4158 444 4232 2,
462 4153 636 4218 recedenti
695 4149 787 4214 addit
802 4149 927 4224 Paris,
945 4166 1022 4210 cum
1042 4145 1201 4210 venirent
1216 4156 1298 4211 ante
1320 4166 1399 4228 por-

372 4317 376 4325 ,
464 4253 517 4318 dus
717 4256 790 4312 tam
816 4246 971 4310 ecclesiae
998 4253 1074 4310 erat
1100 4246 1224 4310 domus
1253 4246 1400 4310 Roberti

718 4347 894 4412 remotior.

297 4513 348 4522 -
392 4480 423 4551 5,
440 4479 552 4561 recepit
697 4472 790 4536 addit
816 4468 942 4547 Paris,
966 4469 1079 4547 Istud,
1109 4492 1178 4535 nou
1204 4479 1244 4534 ut
1261 4473 1399 4554 quidam

720 4572 857 4653 fingunt
874 4569 1095 4635 detrabentes
1112 4571 1262 4645 veritati,
1279 4592 1348 4636 uon
1363 4579 1402 4635 ut
