3384 5625
667 763 867 813 pannones
890 764 1023 812 vunnu,
1328 751 1394 817 283

342 945 431 1009 unde
454 965 545 1029 papa
570 947 783 1029 perpendens
814 954 932 1011 notam
958 948 1114 1015 simoniae
1139 958 1175 1015 et
1195 951 1392 1016 ambitionis

342 1045 432 1110 dixit
445 1046 482 1109 in
499 1047 601 1111 eorde
616 1066 680 1111 suo
696 1048 782 1111 illud
798 1047 1021 1126 Ouidianum,

596 1197 656 1256 ‘Et
670 1198 768 1256 stricto
783 1197 922 1276 supplicat
937 1220 1004 1258 ense
1017 1199 1136 1279 potens.’

343 1349 444 1415 Unde
459 1370 520 1416 cor
534 1351 663 1414 domini
680 1370 781 1434 papae
798 1372 869 1417 non
887 1361 963 1419 erat
976 1354 1063 1418 bene
1079 1373 1158 1417 cum
1173 1373 1223 1417 eo.

303 1498 359 1535 PAG.
383 1499 434 1537 UH·

293 1576 369 1653 267,
387 1580 441 1655 22,
456 1578 594 1641 cratitio
693 1578 776 1661 quia
797 1579 939 1643 carebat
953 1580 1222 1663 dispensatione,
1246 1579 1397 1643 creditur

465 1676 645 1763 reprobatas
715 1679 943 1761 reprobatus3
970 1681 1052 1744 licet
1079 1679 1266 1760 allegatum
1293 1678 1396 1743 fuerit

716 1785 850 1856 contra,
883 1779 976 1860 quod
1013 1799 1054 1843 ea
1083 1779 1285 1864 possederat
1315 1786 1396 1842 ante

715 1878 911 1943 concilium.

292 2042 343 2053 -
388 2002 440 2078 24,
457 2000 589 2064 viduato
693 2000 785 2065 addat
795 2001 921 2080 Paris,
938 2000 1061 2065 similis
1074 2001 1168 2067 faeta
1183 2002 1279 2066 Sarae
1295 2005 1397 2068 uxori

715 2101 837 2165 'l'obiae
863 2109 898 2165 et
920 2101 1001 2165 filiae
1027 2101 1207 2183 Raguelis,
1235 2111 1288 2167 tot
1312 2103 1395 2168 viris

714 2200 876 2266 viduatae.

293 2360 344 2369 —
387 2320 442 2400 27,
454 2324 634 2388 eanonicam
690 2324 782 2390 odat
804 2325 928 2405 Paris,
944 2328 1056 2391 virum
1078 2326 1232 2393 honestae
1252 2348 1393 2394 eonver-

714 2425 858 2490 sationis
876 2434 911 2491 et
927 2427 1015 2492 bene
1031 2427 1217 2492 literatum.

294 2550 369 2623 268,
386 2550 439 2625 23,
456 2549 544 2612 tertio
693 2552 844 2615 secundo
863 2559 898 2615 et
913 2552 1027 2615 tertio.

293 2716 344 2725 -
388 2676 442 2748 25,
457 2673 585 2757 qnidam
694 2674 845 2755 quidam,
864 2673 1040 2738 Robertus
1057 2676 1189 2739 Bacun.

293 2841 343 2850 —
387 2798 440 2876 32,
457 2798 523 2884 rapi
694 2797 782 2862 dost.

293 2959 345 2967 —
388 2959 431 2968 -
455 2921 642 3006 suoifieooit
696 2942 757 2986 rex
787 2921 1040 3007 aliquantulum
1070 2922 1106 2986 in
1139 2924 1255 3007 seipso
1280 2944 1317 2989 se
1344 2947 1397 2990 re·

718 3023 886 3104 colligens
899 3043 960 3087 cor
976 3043 1077 3087 suum
1101 3024 1226 3088 rationi
1253 3016 1396 3090 inelina-

718 3121 781 3199 vit,
798 3130 845 3199 et,
855 3143 932 3186 cum
948 3123 999 3187 sic
1013 3123 1145 3187 videret
1160 3144 1245 3188 eum·
1255 3125 1394 3207 mitiga·

719 3229 804 3297 tum,
824 3222 964 3302 quidam
981 3222 1126 3287 clericus
1150 3223 1192 3288 de
1209 3221 1316 3301 auria,
1334 3225 1399 3288 sei·

717 3321 799 3385 licet
824 3321 986 3402 Rogerus
1010 3321 1143 3399 Bacun‚
1163 3323 1338 3405 jocundus
1363 3325 1399 3387 in

719 3439 887 3497 sermone,
906 3419 1058 3503 jocunde
1082 3439 1123 3485 ac
1139 3421 1263 3504 lepide,
1281 3424 1400 3504 cynice

720 3526 835 3583 tamen
861 3519 1124 3602 reprehendens,
1151 3521 1211 3597 ait,
1228 3521 1398 3586 ‘Domine

719 3620 766 3682 mi
783 3639 859 3695 rex,
880 3618 962 3700 quid
986 3618 1065 3700 plus
1084 3626 1185 3708 noeet
1210 3627 1306 3684 trans
1331 3620 1398 3685 fre-

720 3725 793 3782 tum
826 3718 1083 3800 navigantibus,
1115 3726 1177 3783 aut
1207 3718 1289 3802 quid
1317 3721 1396 3802 plus

720 3818 863 3883 terrett'
914 3816 964 3882 At
986 3837 1061 3895 rex,
1083 3817 1290 3883 ‘Noverunt
1316 3819 1400 3884 faci-

720 3925 817 3980 entes
839 3917 1057 4000 operationes
1081 3918 1117 3979 in
1135 3919 1235 4000 aquis
1258 3920 1400 3986 multis.'

720 4012 772 4079 At
786 4015 950 4093 clericus;
980 4021 989 4048 ‘
1006 4015 1166 4093 Domine,
1180 4017 1314 4096 dicam3
1340 4038 1400 4099 pe·

721 4120 785 4176 trae
801 4122 835 4177 et
852 4132 955 4195 rupes
966 4098 987 4193 ;''
1013 4132 1054 4178 ae
1070 4113 1132 4199 [si]
1148 4113 1320 4178 diceretur
1335 4115 1399 4180 Pe-

722 4220 796 4276 trus
819 4213 862 4276 de
883 4212 1055 4294 Rupibus
1108 4212 1189 4277 Hoc
1211 4213 1301 4277 enim
1326 4223 1401 4280 erat

722 4331 846 4376 nomen
876 4310 1028 4394 episcopi
1050 4311 1301 4376 Wintoniensis
1324 4334 1400 4378 cum

721 4411 785 4474 tali
803 4418 1043 4493 cognomento.
1087 4410 1304 4494 Significavit
1319 4434 1402 4496 ergo

721 4529 795 4573 rex.
