3384 5625
373 791 438 857 180
748 809 945 857 anemonas
968 810 1101 859 vnnrn.

387 932 444 968 PAO.
469 931 521 967 [ΙΝ.

378 993 662 1070 annunciatus
777 995 815 1059 Si
845 995 925 1078 quis
949 1007 1071 1059 mutuo
1100 997 1272 1077 acceperit
1303 993 1436 1077 aliquid
1459 1012 1482 1057 a

514 1095 695 1159 'Lmrdoni-
800 1095 823 1158 J
827 1095 948 1172 udaeis,
965 1096 1044 1178 plns
1062 1095 1117 1159 vel
1142 1096 1267 1172 miuus,
1293 1102 1329 1159 et
1355 1094 1481 1158 moria-

541 1216 633 1257 arran
651 1242 659 1259 .
677 1243 713 1260 ..
801 1202 859 1258 tur
888 1201 1074 1276 antequam
1105 1194 1257 1259 debitum
1286 1193 1373 1257 illud
1403 1212 1482 1275 per-

541 1285 729 1358 liberaseon·
801 1293 956 1371 solverit,
986 1293 1140 1359 debitum
1169 1294 1254 1358 illud
1289 1313 1358 1357 non
1397 1311 1480 1356 usn-

543 1393 714 1457 saotndiaes
801 1402 854 1458 ret
871 1393 1035 1476 quamdiu
1052 1394 1162 1458 haeres
1172 1394 1276 1458 fuerit
1292 1392 1382 1455 infra
1396 1399 1482 1456 aeta·

541 1513 613 1556 sans
802 1502 882 1571 tem,
896 1493 939 1556 ‹le
953 1514 1158 1577 quocunque
1173 1500 1286 1572 teuet3
1311 1500 1347 1556 et
1369 1492 1400 1555 si
1422 1492 1482 1555 de·

802 1592 912 1655 bitum
929 1593 1023 1655 istud
1046 1593 1177 1658 incidat
1197 1594 1234 1656 iu
1255 1611 1378 1656 manus
1401 1609 1481 1655 uos·

802 1699 888 1768 tras,
910 1710 974 1754 nos
992 1712 1062 1756 nou
1084 1693 1258 1775 capiemus
1281 1692 1347 1755 uisi
1370 1689 1480 1755 catal·

802 1790 873 1853 lum
901 1798 1102 1855 contentum
1133 1792 1169 1856 in
1198 1790 1328 1855 charta.
1382 1790 1429 1854 Et
1451 1788 1480 1852 si

803 1891 881 1970 quis
912 1891 1088 1968 moriatur,
1123 1898 1158 1955 et
1192 1890 1343 1956 debitum
1381 1889 1483 1953 debet

803 1988 952 2065 ludaeis,
985 2010 1075 2054 uxor
1106 1991 1182 2073 ejus
1211 1990 1335 2055 habeat
1365 1987 1481 2053 dotem

808 2108 918 2163 suam,
942 2095 977 2152 et
993 2091 1043 2153 nil
1066 2089 1186 2153 reddat
1202 2090 1244 2154 de
1267 2089 1382 2153 debito
1407 2088 1480 2152 illo.

806 2188 851 2251 Et
869 2189 898 2251 si
913 2187 1009 2252 liberi
1027 2190 1136 2272 ipsius
1151 2188 1316 2265 defuncti,
1332 2188 1392 2271 qui
1407 2187 1480 2251 fue-

805 2296 887 2350 runt
926 2288 1017 2350 infra
1055 2296 1205 2365 aetatem,
1242 2287 1482 2364 remanseriut,

804 2386 1052 2466 provideantur
1074 2388 1124 2450 eis
1149 2385 1344 2451 necessaria
1361 2404 1483 2450 seeun-

805 2484 887 2547 dum
916 2493 1147 2550 tenementum
1176 2486 1269 2569 quod
1295 2486 1399 2549 fuerit
1426 2484 1482 2548 de

805 2583 928 2659 functi,
944 2591 978 2648 et
993 2585 1035 2648 de
1056 2586 1192 2649 residuo
1215 2586 1372 2649 solvatur
1389 2584 1483 2647 debi-

805 2691 877 2746 tum
893 2701 903 2762 3
928 2684 1026 2748 salvo
1043 2692 1157 2749 tamen
1173 2684 1315 2749 servitio
1330 2683 1484 2748 domiuo-

806 2803 893 2847 rum.
945 2783 1055 2848 Simili
1077 2783 1178 2848 modo
1198 2785 1259 2849 fiat
1282 2783 1325 2848 de
1348 2782 1484 2860 debitis,

804 2901 883 2962 quae
911 2883 1078 2947 debentur
1101 2884 1179 2946 aliis
1203 2903 1306 2966 quam
1334 2883 1357 2947 J
1361 2883 1482 2948 udaeis

806 2978 950 3042 Nullum
993 2984 1188 3064 scutagium
1226 2985 1281 3047 vel
1313 2983 1482 3046 auxilium

803 3097 930 3158 ponam
963 3079 998 3142 in
1032 3101 1137 3162 regno
1168 3089 1297 3158 nestro,
1324 3083 1391 3145 nisi
1422 3100 1483 3163 per

804 3195 983 3241 commune
1013 3182 1195 3243 consilium
1229 3182 1326 3263 regni
1362 3181 1483 3256 uestri,

804 3276 872 3338 nisi
903 3277 943 3340 ad
973 3298 1097 3361 corpus
1131 3291 1284 3344 nostrum
1313 3280 1482 3343 redimen-

803 3376 897 3454 dum,
932 3383 967 3440 et
999 3377 1043 3441 ad
1078 3380 1343 3461 primogenitum
1375 3379 1481 3442 filium

803 3484 959 3539 nostrum
983 3478 1125 3540 militem
1153 3478 1359 3555 faciendum,
1384 3478 1480 3543 etad

803 3577 1067 3656 primogenitam
1086 3577 1191 3640 filiam
1208 3586 1360 3643 nostram
1377 3578 1483 3641 semel

803 3674 1029 3737 maritandam
1044 3696 1052 3752 ;
1080 3676 1171 3739 etad
1185 3675 1249 3739 hoe
1263 3697 1331 3741 nou
1344 3678 1403 3740 fiet
1417 3676 1483 3739 nisi

804 3772 1007 3836 rationabile
1021 3776 1201 3841 auxilium.
1253 3775 1362 3839 Simili
1380 3774 1483 3839 medo

804 3869 866 3932 fiat
888 3870 930 3933 de
955 3873 1095 3936 auxiliis
1121 3875 1163 3938 de
1186 3874 1328 3939 civitate
1353 3874 1482 3937 Londi-

803 3969 923 4048 nensi3
948 3976 983 4033 et
999 3973 1124 4037 civitas
1145 3974 1400 4038 Loudoniarum
1419 3973 1482 4037 ha·

802 4066 883 4131 beat
905 4088 1023 4134 omues
1049 4073 1211 4154 antiquas
1241 4073 1419 4137 libertates
1447 4081 1483 4138 et

803 4165 929 4231 liberas
944 4171 1208 4235 consuetudines
1224 4191 1316 4250 suas
1334 4180 1405 4236 tam
1421 4193 1483 4255 per

803 4272 913 4330 terras
930 4288 1033 4350 quam
1055 4289 1117 4351 per
1133 4289 1253 4353 aquas.
1306 4271 1483 4336 Praeterea

801 4365 961 4429 volumus
987 4375 1022 4431 et
1042 4369 1273 4448 concedimus
1296 4370 1388 4454 quod
1411 4390 1481 4435 om·

803 4484 864 4528 nes
881 4466 960 4529 aliae
978 4467 1137 4531 civitates
1154 4475 1189 4532 et
1206 4470 1307 4552 burgi
1324 4479 1360 4535 et
1374 4471 1479 4550 villae,

801 4572 837 4626 et
850 4564 996 4629 barones
1015 4566 1057 4630 de
1077 4567 1228 4650 quinque
1249 4572 1430 4651 portubus,
1446 4579 1482 4635 et
