3384 5625
721 1302 852 1367 TOM.
886 1302 954 1368 IV.

292 1537 350 1676 Ὗ,
391 1535 662 1674 με”ζννεηιοηωηεῑε
692 1594 785 1659 mooe
800 1594 926 1673 raas„
941 1594 1120 1659 rocelinus
1138 1594 1396 1660 bathoniensis.

315 1757 342 1773 -
386 1724 440 1798 15,
455 1726 636 1784 coronarent
694 1719 901 1782 exaltarent.

317 1849 348 1921 2,
410 1848 442 1922 4,
456 1864 602 1907 corcion-
696 1843 930 1908 acclamando.

460 1943 535 2006 doro

317 2106 344 2119 ..
410 2063 441 2144 7,
459 2065 599 2150 reliquiis
695 2056 788 2120 addit
822 2055 948 2132 Paris,
981 2056 1134 2121 dictante
1162 2056 1398 2141 juramentum

719 2156 741 2219 J
745 2156 877 2220 ocelino
895 2155 1133 2221 Bathoniensi.

318 2326 345 2339 ..
389 2290 443 2366 20,
461 2287 587 2358 Petrus,
699 2279 825 2343 Petrus
858 2280 1108 2345 wintoniensis
1144 2287 1180 2344 et
1218 2279 1399 2345 Jobannes

459 2384 648 2447 Wiotonieo-
721 2378 966 2441 Batboniensis
984 2379 1136 2461 episcopi
1153 2379 1267 2461 ipsum
1288 2379 1324 2441 in
1347 2400 1400 2443 re-

460 2483 504 2546 sis
529 2530 561 2545 ..
584 2527 591 2542 .
614 2481 649 2544 in
720 2496 796 2557 gem
815 2483 983 2556 ungentes
999 2485 1251 2542 coronaverunt
1274 2479 1401 2543 solem·

458 2580 650 2646 coronatione
721 2577 810 2639 niter
831 2596 909 2639 cnm
934 2578 1078 2641 canticis
1102 2585 1137 2641 et
1156 2577 1399 2643 modulationi-

719 2678 797 2753 bus,
815 2696 894 2758 quae
911 2676 947 2738 in
961 2676 1249 2741 coronationibus.

321 2808 352 2882 3,
391 2807 442 2882 28,
457 2803 566 2868 latitia
700 2799 808 2863 fallax
822 2799 959 2863 laetitia.

464 2924 579 2987 oroque

323 3029 353 3101 ὅ,
394 3021 445 3098 17,
461 3042 640 3086 marcorum
699 3039 892 3084 marcarum
911 3020 1132 3085 numerando.

320 3185 348 3198 -
392 3149 443 3224 18,
459 3146 575 3229 Losort
699 3143 854 3207 Ledsort.

321 3309 349 3322 -
393 3272 444 3346 28,
462 3268 650 3332 solliciti
701 3267 852 3342 solliciti,
874 3267 965 3329 inter
982 3285 1069 3349 quos
1087 3273 1162 3331 erat
1177 3269 1317 3350 quidam
1333 3289 1401 3333 ser-

466 3368 503 3432 de
520 3367 640 3432 carullo
721 3367 818 3430 viens
844 3373 1016 3440 strenuus
1044 3366 1169 3443 audax,
1195 3374 1230 3431 et
1252 3376 1402 3446 astutus,
1458 3370 1463 3378 '

723 3464 883 3529 Andreas
899 3465 1035 3546 Dingas
1052 3466 1199 3542 nomine,
1223 3467 1324 3550 cujus
1347 3488 1404 3532 as-
1472 3482 1474 3486 ·

723 3565 824 3639 tutia,
839 3563 1018 3641 fortitudo,
1033 3583 1074 3627 ac
1092 3565 1237 3630 audacia
1255 3576 1404 3649 quanto·

723 3663 818 3724 ciens
838 3663 876 3724 iu
898 3663 1159 3746 quamplurimis
1183 3664 1268 3729 locis
1290 3666 1403 3731 fuerat

724 3767 870 3840 experta
893 3780 915 3823 a
939 3761 1117 3827 Ludovieo
1142 3770 1178 3828 et
1199 3765 1404 3829 commilito-

723 3858 825 3921 nibus
840 3860 925 3936 suis,
948 3868 983 3924 et
997 3880 1023 3924 a
1035 3868 1110 3926 toto
1127 3863 1283 3926 exercitu
1302 3863 1403 3927 nimis

722 3959 1036 4024 commendabatur.
1080 3961 1251 4026 Exierunt
1266 3969 1349 4027 tunc
1362 3963 1404 4026 de

722 4063 848 4123 castro.

323 4216 350 4229 -
393 4181 445 4254 30,
462 4177 610 4242 baronum
700 4179 866 4243 baronum
882 4177 1034 4261 Angliae.

324 4303 355 4376 6,
415 4302 445 4377 6,
451 4303 651 4384 praemoaritir
698 4303 923 4383 praemonitis,
948 4303 1115 4385 compulsi
1135 4311 1217 4368 suut
1238 4307 1349 4372 redire
1369 4317 1404 4372 et

468 4400 636 4464 ...raiire
723 4419 798 4463 sese
831 4402 868 4463 in
907 4403 1048 4484 propria
1086 4422 1151 4466 sua
1183 4408 1404 4488 receptacula

722 4507 947 4582 properanter
962 4502 1125 4583 recipere.
