3384 5625
601 821 799 871 uncrmnns
823 820 953 867 vnnrm.
1290 798 1335 861 93

282 1004 517 1068 Eboracensis
530 1004 819 1087 archiepiscopus,
851 1003 995 1068 concilio
1020 1002 1132 1065 noluit
1157 1000 1333 1063 interesse.

280 1104 378 1167 Obiit
405 1125 541 1187 quoque
565 1104 790 1186 Reginaldus,
819 1123 935 1168 comes
965 1102 1158 1166 Cornubiae.
1212 1098 1332 1179 Hugo,

281 1204 497 1268 Petroleonis
519 1205 682 1268 diaconus
704 1204 900 1280 cardinalis,
923 1202 1016 1265 venit
1041 1202 1176 1283 legatus
1200 1200 1235 1262 in
1260 1198 1333 1262 An-

280 1303 397 1384 gliam,
414 1312 450 1367 et
466 1306 630 1385 praestitit
646 1305 886 1368 auctoritatem
910 1301 1067 1367 tradendi
1088 1300 1231 1363 clericos
1255 1306 1334 1361 ante

275 1402 427 1485 judicem
443 1404 643 1467 saecularem
662 1423 725 1485 pro
740 1403 917 1467 forisfacto
932 1402 1070 1465 forestae
1084 1399 1216 1463 etlaico
1233 1396 1335 1460 feudo

280 1503 317 1564 in
334 1502 486 1567 favorem
501 1504 604 1585 regis

244 1644 301 1681 PAO.
324 1644 377 1679 un.

232 1709 307 1782 383,
325 1708 377 1781 14,
394 1707 515 1792 lupario
633 1704 725 1769 addit
743 1705 866 1782 Paris,
881 1714 1058 1770 caverunt.
1095 1707 1185 1770 Haec
1202 1715 1256 1770 est
1268 1708 1336 1772 for-

657 1826 714 1867 ma
746 1805 875 1869 chartae
906 1796 1096 1897 veradjquae
1123 1814 1177 1869 est
1202 1808 1237 1869 in
1264 1808 1338 1872 the-

657 1924 773 1981 sauro,
812 1905 871 1968 ubi
908 1924 1061 1988 appensa
1102 1914 1184 1969 sunt
1223 1909 1338 1972 omnia

658 2004 775 2086 sigilla
818 2006 1057 2088 episcoporum
1100 2014 1136 2071 et
1170 2008 1337 2071 baronum

659 2104 794 2167 Scotiae.

239 2236 313 2308 384,
353 2235 383 2309 2,
397 2255 463 2319 repe
466 2232 589 2317 jubente
637 2227 729 2291 addit
762 2228 883 2305 Paris,
916 2229 1056 2313 filioque
1098 2251 1167 2295 non
1202 2239 1340 2296 contra·

659 2327 805 2394 dicente.

239 2494 290 2506 -
335 2454 386 2528 16,
399 2454 581 2539 Berpeueuei
641 2453 849 2534 Bergamini.

240 2618 292 2628 -
336 2573 387 2653 17,
401 2578 561 2661 culpatum
640 2578 804 2660 gladium.

242 2705 316 2778 385,
332 2704 591 2778 3Lsucccssorem
640 2701 732 2766 addit
771 2702 895 2779 Paris,
928 2703 1036 2785 Hugo
1072 2705 1342 2784 Petro-Leonis,

663 2802 848 2884 legationis
884 2823 956 2867 suae
998 2824 1101 2868 cursu
1139 2807 1342 2886 cancellato,

664 2903 912 2968 transfretavit.
965 2904 1045 2968 Rex
1060 2905 1233 2971 Henricus
1250 2908 1344 2972 dedit

665 3003 770 3066 filiam
786 3024 884 3067 suam
903 3003 1076 3088 juniorem
1098 3008 1172 3088 regi
1193 3006 1343 3090 Apuliae,

665 3110 701 3167 et
710 3111 811 3168 sexto
828 3103 995 3168 kalendas
1009 3104 1219 3188 Septembris
1233 3115 1345 3172 trans-

666 3204 817 3267 fretavit.
862 3204 959 3267 Obiit
968 3204 1163 3269 Richardus
1176 3227 1290 3271 comes
1301 3208 1344 3271 de

668 3303 826 3384 Strigoi13
855 3321 970 3366 comes
980 3304 1083 3367 etiam
1093 3305 1290 3369 Willelmus
1302 3306 1344 3370 de

668 3401 837 3465 Arundell
855 3403 940 3465 obiit
954 3411 1077 3483 quarto
1093 3403 1170 3467 idus
1185 3404 1345 3469 Octobris

668 3502 760 3584 apud
774 3502 951 3577 Waverle,
966 3510 1001 3564 et
1015 3502 1171 3584 sepultus
1185 3511 1239 3566 est
1254 3505 1346 3586 apud

668 3601 927 3679 Wimundham‚
945 3602 1065 3664 cellam
1088 3602 1220 3668 scilicet
1241 3605 1349 3667 eccle-

669 3705 731 3768 siae
754 3703 863 3766 sancti
888 3701 1027 3778 Albani,
1049 3702 1148 3786 cujus
1169 3704 1265 3767 cellae
1286 3725 1348 3787 pa-

669 3811 789 3868 tronus
799 3803 906 3866 fnisse
918 3802 1143 3883 dignoscitur.
1169 3804 1349 3869 Walterus

670 3923 819 3986 quoque,
841 3903 935 3984 prior
956 3902 1218 3980 Wintoniensis,
1236 3905 1348 3969 factus

671 4009 725 4066 est
741 4003 849 4065 abbas
862 4002 1258 4067 westmonasteriensis.

249 4133 322 4208 386,
342 4133 394 4207 12,
417 4127 600 4214 Loqtonunn
650 4125 853 4205 Legionum.

250 4251 324 4331 387,
342 4257 393 4330 15,
409 4252 542 4316 Hebrici
649 4246 866 4312 dest—The
882 4246 1021 4312 Cotton.
1036 4247 1352 4318 MS.lras‘Ulrici.'

251 4381 325 4454 388,
364 4380 395 4453 2,
412 4375 574 4441 collocatus
650 4372 743 4436 addit
774 4371 899 4449 Paris,
932 4372 1062 4438 Eodem
1096 4394 1233 4457 quoque
1261 4396 1353 4442 anno

675 4472 869 4553 Philippus,
899 4492 1014 4536 comes
1050 4474 1285 4553 Flandrensis,
1317 4486 1352 4542 et

676 4571 872 4637 Willelmus
892 4572 934 4636 de
957 4572 1189 4655 Magna-villa
1210 4576 1354 4657 profecti
