3384 5625
675 782 875 829 LBG'HONES
897 782 1031 829 VARIAE.

297 906 354 942 PAG.
390 906 444 942 [ΙΙ.

298 970 350 1042 46,
389 970 443 1041 2l,
460 955 551 1031 duit
582 973 587 982 '
700 968 826 1031 ducere
841 967 1030 1031 festinavit.

297 1128 350 1140 —
390 1090 553 1152 —iidem
700 1091 787 1154 deest.

299 1248 349 1259 —
392 1215 445 1288 22,
462 1212 573 1275 multos
701 1213 820 1277 multis
853 1212 1134 1277 Normannorum
1164 1215 1299 1291 occisis,
1324 1235 1405 1298 pro·

463 1333 518 1375 ros
531 1312 630 1395 ἐρίων
723 1332 840 1376 cerum
866 1312 1054 1376 confractis
1075 1313 1309 1390 firmitatibus,
1331 1334 1407 1378 cas-

725 1411 806 1474 tello
845 1410 1154 1475 Montis-Gomerii
1190 1411 1327 1496 direpto
1369 1421 1406 1477 et

642 1529 646 1538 ·
723 1509 961 1573 habitantibus
982 1511 1017 1573 in
1036 1529 1078 1575 eo
1100 1511 1303 1588 interfectis,
1324 1512 1405 1593 igne

723 1617 758 1672 et
785 1608 878 1671 ferro
909 1609 1076 1672 finitimos
1104 1609 1306 1693 depopulati
1333 1611 1406 1675 fue-

723 1714 801 1770 rant
814 1728 823 1786 ;
847 1727 909 1771 rex
925 1716 1053 1771 autem.

614 1861 616 1866 ·
699 1829 887 1911 ingressus.

435 2002 444 2032 ‚
561 1952 568 1968 '
699 1952 791 2015 addit
816 1951 944 2029 Paris„
965 1955 1173 2017 constructis
1197 1953 1234 2017 in
1257 1955 1404 2020 confinio

721 2054 861 2115 castris.

699 2185 752 2240 tot
769 2175 891 2240 stellae.

590 2300 597 2315 ⁹
698 2300 816 2363 deso-ot.
1377 2371 1382 2380 ι

504 2424 511 2437 “
698 2423 837 2506 quidem
855 2423 926 2487 labi
941 2424 978 2487 in
996 2423 1115 2489 Gallia
1131 2444 1217 2507 gens
1234 2432 1403 2508 stuperet,

720 2530 923 2605 notatoque.

697 2644 815 2726 igitur.

296 2809 346 2822 -
411 2777 441 2848 5,
457 2772 624 2837 instantius
699 2768 929 2833 vehementer.

296 2939 347 2949 —
409 2935 436 2947 -
459 2893 611 2980 alhqobat
699 2893 756 2956 Ad
774 2893 839 2956 hoo
854 2892 1041 2971 allegabat.

461 2995 542 3057 enim

697 3112 813 3175 detonet.

627 3239 635 3253 '
698 3234 906 3318 promotioni
920 3252 993 3297 suae
1008 3234 1195 3316 episcopali
1211 3236 1414 3301 annuisset

722 3331 1013 3413 Archiepiscopus
1029 3352 1112 3396 vero
1133 3333 1218 3396 nihil
1234 3334 1400 3399 interesse

719 3431 859 3494 ducens.

697 3554 851 3635 dignum.

431 3728 440 3757 ‚
569 3681 576 3695 '
697 3685 920 3742 comantem.

696 3801 946 3883 praescriptum.

430 3929 645 4006 ,''....
697 3925 858 3989 dicebat.
876 3971 884 3989 .
901 3923 979 3989 ‚sui
995 3922 1105 3988 officii.

693 4143 780 4207 daeo

292 4315 345 4327 -
386 4272 441 4348 27,
456 4295 477 4336 o
491 4271 589 4335 simili
694 4265 836 4330 eandem
854 4266 1035 4329 rationem.

293 4411 349 4450 -·
386 4400 441 4471 28,
456 4396 493 4459 da
508 4417 597 4479 rayno
612 4442 642 4456 ..
694 4391 792 4472 regni
816 4390 882 4466 sui,
904 4389 1010 4454 cnriae
1028 4388 1198 4455 Romanae
1215 4391 1270 4456 vel
1292 4411 1394 4476 papae

459 4504 622 4578 reopootmo
715 4490 880 4554 subesset.
