<?xml version="1.0" encoding="UTF-8"?>
<!DOCTYPE html PUBLIC "-//W3C//DTD XHTML 1.0 Transitional//EN"
    "http://www.w3.org/TR/xhtml1/DTD/xhtml1-transitional.dtd">
<html xmlns="http://www.w3.org/1999/xhtml" xml:lang="en" lang="en">
 <head>
  <title>
</title>
<meta http-equiv="Content-Type" content="text/html;charset=utf-8" />
  <meta name='ocr-system' content='tesseract 3.04.00' />
  <meta name='ocr-capabilities' content='ocr_page ocr_carea ocr_par ocr_line ocrx_word'/>
</head>
<body>
  <div class='ocr_page' id='page_1' title='image "./rogeridewendove00rogegoog_0271.png"; bbox 0 0 3384 5625; ppageno 0'>
   <div class='ocr_carea' id='block_1_1' title="bbox 639 756 1395 836">
    <p class='ocr_par' dir='ltr' id='par_1_1' title="bbox 639 756 1395 836">
     <span class='ocr_line' id='line_1_1' title="bbox 639 756 1395 836; baseline 0.009 -7"><span class='ocrx_word' id='word_1_1' title='bbox 639 756 850 831; x_wconf 74' lang='lat' dir='ltr'><strong>&#39;nncmonns</strong></span> <span class='ocrx_word' id='word_1_2' title='bbox 876 784 1007 832; x_wconf 77' lang='lat' dir='ltr'><strong>vntum</strong></span> <span class='ocrx_word' id='word_1_3' title='bbox 1330 770 1395 836; x_wconf 85' lang='grc'><strong>249</strong></span> 
     </span>
    </p>
   </div>
   <div class='ocr_carea' id='block_1_2' title="bbox 296 963 1396 1827">
    <p class='ocr_par' dir='ltr' id='par_1_2' title="bbox 296 963 1396 1827">
     <span class='ocr_line' id='line_1_2' title="bbox 344 963 1395 1050; baseline 0.004 -23"><span class='ocrx_word' id='word_1_4' title='bbox 344 983 400 1028; x_wconf 91' lang='lat' dir='ltr'><strong>ma</strong></span> <span class='ocrx_word' id='word_1_5' title='bbox 429 963 651 1028; x_wconf 90' lang='lat' dir='ltr'><strong>festinatione</strong></span> <span class='ocrx_word' id='word_1_6' title='bbox 677 965 720 1028; x_wconf 88' lang='lat' dir='ltr'><strong>de</strong></span> <span class='ocrx_word' id='word_1_7' title='bbox 749 966 891 1047; x_wconf 89' lang='lat' dir='ltr'><strong>triginta</strong></span> <span class='ocrx_word' id='word_1_8' title='bbox 920 967 1125 1031; x_wconf 84' lang='lat' dir='ltr'><strong>milliaribus</strong></span> <span class='ocrx_word' id='word_1_9' title='bbox 1153 974 1274 1049; x_wconf 88' lang='lat' dir='ltr'><strong>raptus</strong></span> <span class='ocrx_word' id='word_1_10' title='bbox 1306 987 1395 1050; x_wconf 89' lang='lat' dir='ltr'><strong>equo</strong></span> 
     </span>
     <span class='ocr_line' id='line_1_3' title="bbox 344 1064 1396 1150; baseline 0.004 -23"><span class='ocrx_word' id='word_1_11' title='bbox 344 1064 561 1128; x_wconf 86' lang='lat' dir='ltr'><strong>velocissimo</strong></span> <span class='ocrx_word' id='word_1_12' title='bbox 585 1064 629 1127; x_wconf 93' lang='lat' dir='ltr'><strong>ad</strong></span> <span class='ocrx_word' id='word_1_13' title='bbox 656 1083 760 1142; x_wconf 90' lang='lat' dir='ltr'><strong>eum;</strong></span> <span class='ocrx_word' id='word_1_14' title='bbox 788 1065 847 1128; x_wconf 89' lang='lat' dir='ltr'><strong>sed</strong></span> <span class='ocrx_word' id='word_1_15' title='bbox 871 1066 1033 1131; x_wconf 83' lang='lat' dir='ltr'><strong>defuncto</strong></span> <span class='ocrx_word' id='word_1_16' title='bbox 1053 1067 1128 1150; x_wconf 89' lang='lat' dir='ltr'><strong>jam</strong></span> <span class='ocrx_word' id='word_1_17' title='bbox 1150 1067 1269 1145; x_wconf 84' lang='lat' dir='ltr'><strong>fratre,</strong></span> <span class='ocrx_word' id='word_1_18' title='bbox 1294 1087 1396 1149; x_wconf 91' lang='lat' dir='ltr'><strong>quem</strong></span> 
     </span>
     <span class='ocr_line' id='line_1_4' title="bbox 345 1162 1396 1247; baseline 0.004 -20"><span class='ocrx_word' id='word_1_19' title='bbox 345 1163 429 1227; x_wconf 90' lang='lat' dir='ltr'><strong>totis</strong></span> <span class='ocrx_word' id='word_1_20' title='bbox 451 1162 641 1227; x_wconf 85' lang='lat' dir='ltr'><strong>visceribus</strong></span> <span class='ocrx_word' id='word_1_21' title='bbox 673 1165 856 1228; x_wconf 83' lang='lat' dir='ltr'><strong>tenerrime</strong></span> <span class='ocrx_word' id='word_1_22' title='bbox 885 1165 1063 1247; x_wconf 90' lang='lat' dir='ltr'><strong>diligebat,</strong></span> <span class='ocrx_word' id='word_1_23' title='bbox 1087 1186 1150 1229; x_wconf 92' lang='lat' dir='ltr'><strong>nec</strong></span> <span class='ocrx_word' id='word_1_24' title='bbox 1179 1186 1311 1243; x_wconf 86' lang='lat' dir='ltr'><strong>vocem,</strong></span> <span class='ocrx_word' id='word_1_25' title='bbox 1334 1186 1396 1231; x_wconf 90' lang='lat' dir='ltr'><strong>nec</strong></span> 
     </span>
     <span class='ocr_line' id='line_1_5' title="bbox 345 1262 1394 1347; baseline 0.001 -21"><span class='ocrx_word' id='word_1_26' title='bbox 345 1282 496 1340; x_wconf 88' lang='lat' dir='ltr'><strong>sensum,</strong></span> <span class='ocrx_word' id='word_1_27' title='bbox 509 1262 670 1327; x_wconf 89' lang='lat' dir='ltr'><strong>membris</strong></span> <span class='ocrx_word' id='word_1_28' title='bbox 680 1262 754 1346; x_wconf 89' lang='lat' dir='ltr'><strong>jam</strong></span> <span class='ocrx_word' id='word_1_29' title='bbox 773 1263 966 1345; x_wconf 86' lang='lat' dir='ltr'><strong>rigentibus</strong></span> <span class='ocrx_word' id='word_1_30' title='bbox 983 1272 1019 1328; x_wconf 89' lang='lat' dir='ltr'><strong>et</strong></span> <span class='ocrx_word' id='word_1_31' title='bbox 1032 1265 1241 1347; x_wconf 81' lang='lat' dir='ltr'><strong>algentibus,</strong></span> <span class='ocrx_word' id='word_1_32' title='bbox 1252 1266 1394 1330; x_wconf 87' lang='lat' dir='ltr'><strong>invenit.</strong></span> 
     </span>
     <span class='ocr_line' id='line_1_6' title="bbox 347 1361 1396 1449; baseline 0.004 -24"><span class='ocrx_word' id='word_1_33' title='bbox 347 1361 656 1444; x_wconf 88' lang='lat' dir='ltr'><strong>Lachrymabiliter</strong></span> <span class='ocrx_word' id='word_1_34' title='bbox 674 1362 782 1444; x_wconf 89' lang='lat' dir='ltr'><strong>igitur</strong></span> <span class='ocrx_word' id='word_1_35' title='bbox 804 1363 1070 1441; x_wconf 79' lang='lat' dir='ltr'><strong>vociferabatur,</strong></span> <span class='ocrx_word' id='word_1_36' title='bbox 1091 1365 1218 1442; x_wconf 73' lang='lat' dir='ltr'><strong>dicensi,</strong></span> <span class='ocrx_word' id='word_1_37' title='bbox 1236 1364 1396 1449; x_wconf 88' lang='lat' dir='ltr'><strong>‘Adjuro</strong></span> 
     </span>
     <span class='ocr_line' id='line_1_7' title="bbox 345 1461 1383 1545; baseline 0.003 -21"><span class='ocrx_word' id='word_1_38' title='bbox 345 1467 380 1525; x_wconf 93' lang='lat' dir='ltr'><strong>te</strong></span> <span class='ocrx_word' id='word_1_39' title='bbox 397 1482 459 1543; x_wconf 87' lang='lat' dir='ltr'><strong>per</strong></span> <span class='ocrx_word' id='word_1_40' title='bbox 472 1461 660 1525; x_wconf 90' lang='lat' dir='ltr'><strong>Dominum</strong></span> <span class='ocrx_word' id='word_1_41' title='bbox 676 1468 716 1525; x_wconf 91' lang='lat' dir='ltr'><strong>ut</strong></span> <span class='ocrx_word' id='word_1_42' title='bbox 731 1480 864 1526; x_wconf 90' lang='lat' dir='ltr'><strong>mecum</strong></span> <span class='ocrx_word' id='word_1_43' title='bbox 882 1463 1046 1545; x_wconf 90' lang='lat' dir='ltr'><strong>loquaris,</strong></span> <span class='ocrx_word' id='word_1_44' title='bbox 1062 1464 1170 1529; x_wconf 83' lang='lat' dir='ltr'><strong>irater</strong></span> <span class='ocrx_word' id='word_1_45' title='bbox 1185 1463 1383 1528; x_wconf 68' lang='lat' dir='ltr'><strong>carissime!</strong></span> 
     </span>
     <span class='ocr_line' id='line_1_8' title="bbox 306 1600 441 1637; baseline 0.015 -2"><span class='ocrx_word' id='word_1_46' title='bbox 306 1601 363 1637; x_wconf 72' lang='lat' dir='ltr'><strong>PAO.</strong></span> <span class='ocrx_word' id='word_1_47' title='bbox 387 1600 441 1637; x_wconf 79' lang='grc' dir='ltr'><strong>ΗΝ.</strong></span> 
     </span>
     <span class='ocr_line' id='line_1_9' title="bbox 296 1663 1177 1748; baseline 0.006 -24"><span class='ocrx_word' id='word_1_48' title='bbox 296 1664 371 1741; x_wconf 87' lang='grc'>155,</span> <span class='ocrx_word' id='word_1_49' title='bbox 388 1664 441 1739; x_wconf 91' lang='grc'><strong>25,</strong></span> <span class='ocrx_word' id='word_1_50' title='bbox 455 1663 629 1748; x_wconf 72' lang='lat' dir='ltr'><strong>iagemiaa·</strong></span> <span class='ocrx_word' id='word_1_51' title='bbox 693 1683 771 1727; x_wconf 89' lang='lat' dir='ltr'><strong>cum</strong></span> <span class='ocrx_word' id='word_1_52' title='bbox 789 1663 923 1746; x_wconf 91' lang='lat' dir='ltr'><strong>ejulatu</strong></span> <span class='ocrx_word' id='word_1_53' title='bbox 938 1664 1177 1747; x_wconf 83' lang='lat' dir='ltr'><strong>ingeminaret.</strong></span> 
     </span>
     <span class='ocr_line' id='line_1_10' title="bbox 462 1771 509 1827; baseline 0.043 -2"><span class='ocrx_word' id='word_1_54' title='bbox 462 1771 509 1827; x_wconf 79' lang='lat' dir='ltr'><strong>rat</strong></span> 
     </span>
    </p>
   </div>
   <div class='ocr_carea' id='block_1_3' title="bbox 293 1882 1371 2087">
    <p class='ocr_par' dir='ltr' id='par_1_3' title="bbox 293 1882 1371 2087">
     <span class='ocr_line' id='line_1_11' title="bbox 295 1882 820 1965; baseline -0.006 -18"><span class='ocrx_word' id='word_1_55' title='bbox 295 1927 345 1937; x_wconf 95' lang='lat'>-</span> <span class='ocrx_word' id='word_1_56' title='bbox 389 1882 441 1962; x_wconf 84' lang='grc'><strong>27,</strong></span> <span class='ocrx_word' id='word_1_57' title='bbox 455 1885 491 1948; x_wconf 81' lang='lat' dir='ltr'><strong>io</strong></span> <span class='ocrx_word' id='word_1_58' title='bbox 507 1884 580 1949; x_wconf 74' lang='lat' dir='ltr'><strong>lecto</strong></span> <span class='ocrx_word' id='word_1_59' title='bbox 692 1901 756 1965; x_wconf 86' lang='lat' dir='ltr'><strong>per</strong></span> <span class='ocrx_word' id='word_1_60' title='bbox 772 1900 820 1945; x_wconf 89' lang='lat' dir='ltr'><strong>se.</strong></span> 
     </span>
     <span class='ocr_line' id='line_1_12' title="bbox 293 2004 1371 2087; baseline -0.003 -16"><span class='ocrx_word' id='word_1_61' title='bbox 293 2049 345 2062; x_wconf 91' lang='lat'><em>-</em></span> <span class='ocrx_word' id='word_1_62' title='bbox 388 2010 442 2082; x_wconf 82' lang='lat'><strong>29,</strong></span> <span class='ocrx_word' id='word_1_63' title='bbox 458 2016 621 2072; x_wconf 74' lang='lat' dir='ltr'><strong>revocasset</strong></span> <span class='ocrx_word' id='word_1_64' title='bbox 695 2012 766 2069; x_wconf 91' lang='lat' dir='ltr'><strong>tam</strong></span> <span class='ocrx_word' id='word_1_65' title='bbox 781 2005 979 2087; x_wconf 91' lang='lat' dir='ltr'><strong>importuno</strong></span> <span class='ocrx_word' id='word_1_66' title='bbox 999 2004 1149 2069; x_wconf 87' lang='lat' dir='ltr'><strong>clamore</strong></span> <span class='ocrx_word' id='word_1_67' title='bbox 1166 2014 1371 2071; x_wconf 85' lang='lat' dir='ltr'><strong>revocasset.</strong></span> 
     </span>
    </p>
   </div>
   <div class='ocr_carea' id='block_1_4' title="bbox 242 2128 1396 2391">
    <p class='ocr_par' dir='ltr' id='par_1_4' title="bbox 242 2128 1396 2391">
     <span class='ocr_line' id='line_1_13' title="bbox 242 2128 1395 2217; baseline 0.013 -37"><span class='ocrx_word' id='word_1_68' title='bbox 242 2176 245 2180; x_wconf 74' lang='grc'>,</span> <span class='ocrx_word' id='word_1_69' title='bbox 298 2133 369 2210; x_wconf 72' lang='lat'><strong>156,</strong></span> <span class='ocrx_word' id='word_1_70' title='bbox 408 2135 440 2209; x_wconf 77' lang='lat'><strong>5,</strong></span> <span class='ocrx_word' id='word_1_71' title='bbox 457 2152 533 2217; x_wconf 58' lang='lat' dir='ltr'><strong>epm</strong></span> <span class='ocrx_word' id='word_1_72' title='bbox 694 2128 786 2192; x_wconf 80' lang='lat' dir='ltr'><strong>addit</strong></span> <span class='ocrx_word' id='word_1_73' title='bbox 815 2128 940 2204; x_wconf 81' lang='lat' dir='ltr'><strong>Paris,</strong></span> <span class='ocrx_word' id='word_1_74' title='bbox 974 2128 1078 2192; x_wconf 91' lang='lat' dir='ltr'><strong>immo</strong></span> <span class='ocrx_word' id='word_1_75' title='bbox 1111 2131 1326 2211; x_wconf 89' lang='lat' dir='ltr'><strong>opusculum,</strong></span> <span class='ocrx_word' id='word_1_76' title='bbox 1360 2139 1395 2195; x_wconf 92' lang='lat' dir='ltr'><strong>et</strong></span> 
     </span>
     <span class='ocr_line' id='line_1_14' title="bbox 716 2228 1396 2308; baseline 0.006 -19"><span class='ocrx_word' id='word_1_77' title='bbox 716 2248 822 2290; x_wconf 90' lang='lat' dir='ltr'><strong>unum</strong></span> <span class='ocrx_word' id='word_1_78' title='bbox 848 2245 985 2306; x_wconf 71' lang='lat' dir='ltr'><strong>munuS,</strong></span> <span class='ocrx_word' id='word_1_79' title='bbox 1012 2228 1116 2292; x_wconf 90' lang='lat' dir='ltr'><strong>immo</strong></span> <span class='ocrx_word' id='word_1_80' title='bbox 1143 2230 1396 2308; x_wconf 88' lang='lat' dir='ltr'><strong>munusculum,</strong></span> 
     </span>
     <span class='ocr_line' id='line_1_15' title="bbox 717 2326 861 2391; baseline -0.014 -1"><span class='ocrx_word' id='word_1_81' title='bbox 717 2326 861 2391; x_wconf 88' lang='lat' dir='ltr'><strong>contuli.</strong></span> 
     </span>
    </p>
   </div>
   <div class='ocr_carea' id='block_1_5' title="bbox 295 2449 1398 3449">
    <p class='ocr_par' dir='ltr' id='par_1_5' title="bbox 295 2449 1398 3449">
     <span class='ocr_line' id='line_1_16' title="bbox 295 2449 1398 2536; baseline 0.001 -21"><span class='ocrx_word' id='word_1_82' title='bbox 295 2491 346 2505; x_wconf 91' lang='lat'>-</span> <span class='ocrx_word' id='word_1_83' title='bbox 408 2488 436 2502; x_wconf 94' lang='lat'><em>-</em></span> <span class='ocrx_word' id='word_1_84' title='bbox 453 2449 647 2536; x_wconf 68' lang='lat' dir='ltr'><strong>virginitatis</strong></span> <span class='ocrx_word' id='word_1_85' title='bbox 694 2450 837 2533; x_wconf 85' lang='lat' dir='ltr'><strong>virginis</strong></span> <span class='ocrx_word' id='word_1_86' title='bbox 862 2450 997 2527; x_wconf 86' lang='lat' dir='ltr'><strong>Mariae,</strong></span> <span class='ocrx_word' id='word_1_87' title='bbox 1018 2472 1080 2534; x_wconf 89' lang='lat' dir='ltr'><strong>per</strong></span> <span class='ocrx_word' id='word_1_88' title='bbox 1102 2451 1194 2534; x_wconf 92' lang='lat' dir='ltr'><strong>quod</strong></span> <span class='ocrx_word' id='word_1_89' title='bbox 1214 2451 1282 2516; x_wconf 88' lang='lat' dir='ltr'><strong>Dei</strong></span> <span class='ocrx_word' id='word_1_90' title='bbox 1296 2453 1398 2516; x_wconf 89' lang='lat' dir='ltr'><strong>mise-</strong></span> 
     </span>
     <span class='ocr_line' id='line_1_17' title="bbox 458 2550 1397 2634; baseline 0.003 -20"><span class='ocrx_word' id='word_1_91' title='bbox 458 2598 466 2614; x_wconf 92' lang='lat'><strong>.</strong></span> <span class='ocrx_word' id='word_1_92' title='bbox 483 2550 586 2633; x_wconf 77' lang='lat' dir='ltr'><strong>..feci</strong></span> <span class='ocrx_word' id='word_1_93' title='bbox 718 2550 868 2614; x_wconf 89' lang='lat' dir='ltr'><strong>ricordia</strong></span> <span class='ocrx_word' id='word_1_94' title='bbox 883 2559 1013 2615; x_wconf 89' lang='lat' dir='ltr'><strong>certam</strong></span> <span class='ocrx_word' id='word_1_95' title='bbox 1031 2571 1133 2634; x_wconf 91' lang='lat' dir='ltr'><strong>spero</strong></span> <span class='ocrx_word' id='word_1_96' title='bbox 1149 2551 1397 2618; x_wconf 90' lang='lat' dir='ltr'><strong>liberationem.</strong></span> 
     </span>
     <span class='ocr_line' id='line_1_18' title="bbox 296 2672 1396 2758; baseline 0.002 -22"><span class='ocrx_word' id='word_1_97' title='bbox 296 2713 347 2727; x_wconf 93' lang='lat'><em>-</em></span> <span class='ocrx_word' id='word_1_98' title='bbox 391 2675 443 2751; x_wconf 86' lang='lat'><strong>13,</strong></span> <span class='ocrx_word' id='word_1_99' title='bbox 460 2693 553 2758; x_wconf 83' lang='lat' dir='ltr'><strong>quom</strong></span> <span class='ocrx_word' id='word_1_100' title='bbox 572 2720 580 2737; x_wconf 92' lang='lat'><strong>.</strong></span> <span class='ocrx_word' id='word_1_101' title='bbox 598 2718 631 2735; x_wconf 90' lang='lat'><strong>..</strong></span> <span class='ocrx_word' id='word_1_102' title='bbox 694 2674 849 2738; x_wconf 87' lang='lat' dir='ltr'><strong>honestis</strong></span> <span class='ocrx_word' id='word_1_103' title='bbox 884 2674 1040 2754; x_wconf 89' lang='lat' dir='ltr'><strong>personis</strong></span> <span class='ocrx_word' id='word_1_104' title='bbox 1072 2672 1299 2750; x_wconf 89' lang='lat' dir='ltr'><strong>incolendam,</strong></span> <span class='ocrx_word' id='word_1_105' title='bbox 1335 2674 1396 2755; x_wconf 89' lang='lat' dir='ltr'><strong>qui</strong></span> 
     </span>
     <span class='ocr_line' id='line_1_19' title="bbox 459 2772 1397 2857; baseline 0 -21"><span class='ocrx_word' id='word_1_106' title='bbox 459 2773 647 2854; x_wconf 60' lang='lat' dir='ltr'><strong>affectarem·</strong></span> <span class='ocrx_word' id='word_1_107' title='bbox 717 2792 780 2857; x_wconf 87' lang='lat' dir='ltr'><strong>pro</strong></span> <span class='ocrx_word' id='word_1_108' title='bbox 808 2772 1012 2837; x_wconf 87' lang='lat' dir='ltr'><strong>liberatione</strong></span> <span class='ocrx_word' id='word_1_109' title='bbox 1039 2772 1230 2837; x_wconf 89' lang='lat' dir='ltr'><strong>animarum</strong></span> <span class='ocrx_word' id='word_1_110' title='bbox 1261 2780 1397 2837; x_wconf 89' lang='lat' dir='ltr'><strong>nostra-</strong></span> 
     </span>
     <span class='ocr_line' id='line_1_20' title="bbox 454 2871 1398 2957; baseline 0 -21"><span class='ocrx_word' id='word_1_111' title='bbox 454 2872 540 2957; x_wconf 76' lang='lat' dir='ltr'><strong>plcrc</strong></span> <span class='ocrx_word' id='word_1_112' title='bbox 719 2893 794 2936; x_wconf 90' lang='lat' dir='ltr'><strong>rum</strong></span> <span class='ocrx_word' id='word_1_113' title='bbox 818 2873 1005 2936; x_wconf 90' lang='lat' dir='ltr'><strong>Dominum</strong></span> <span class='ocrx_word' id='word_1_114' title='bbox 1026 2871 1234 2935; x_wconf 87' lang='lat' dir='ltr'><strong>aeternaliter</strong></span> <span class='ocrx_word' id='word_1_115' title='bbox 1257 2872 1398 2937; x_wconf 88' lang='lat' dir='ltr'><strong>invoca-</strong></span> 
     </span>
     <span class='ocr_line' id='line_1_21' title="bbox 720 2970 1397 3054; baseline 0 -19"><span class='ocrx_word' id='word_1_116' title='bbox 720 2973 814 3036; x_wconf 92' lang='lat' dir='ltr'><strong>bunt.</strong></span> <span class='ocrx_word' id='word_1_117' title='bbox 863 2971 1058 3054; x_wconf 89' lang='lat' dir='ltr'><strong>Respondit</strong></span> <span class='ocrx_word' id='word_1_118' title='bbox 1084 2970 1254 3051; x_wconf 89' lang='lat' dir='ltr'><strong>Rogerus,</strong></span> <span class='ocrx_word' id='word_1_119' title='bbox 1284 2970 1397 3035; x_wconf 86' lang='lat' dir='ltr'><strong>‘Aux-</strong></span> 
     </span>
     <span class='ocr_line' id='line_1_22' title="bbox 719 3070 1398 3152; baseline 0.001 -18"><span class='ocrx_word' id='word_1_120' title='bbox 719 3072 788 3134; x_wconf 90' lang='lat' dir='ltr'><strong>iliis</strong></span> <span class='ocrx_word' id='word_1_121' title='bbox 813 3071 940 3135; x_wconf 87' lang='lat' dir='ltr'><strong>talibus</strong></span> <span class='ocrx_word' id='word_1_122' title='bbox 968 3071 1114 3135; x_wconf 90' lang='lat' dir='ltr'><strong>multum</strong></span> <span class='ocrx_word' id='word_1_123' title='bbox 1142 3070 1304 3152; x_wconf 89' lang='lat' dir='ltr'><strong>indigeo;</strong></span> <span class='ocrx_word' id='word_1_124' title='bbox 1336 3071 1398 3135; x_wconf 86' lang='lat' dir='ltr'><strong>sed</strong></span> 
     </span>
     <span class='ocr_line' id='line_1_23' title="bbox 717 3169 1396 3252; baseline 0.003 -21"><span class='ocrx_word' id='word_1_125' title='bbox 717 3170 813 3246; x_wconf 89' lang='lat' dir='ltr'><strong>nihil,</strong></span> <span class='ocrx_word' id='word_1_126' title='bbox 840 3189 968 3252; x_wconf 85' lang='lat' dir='ltr'><strong>quaeso,</strong></span> <span class='ocrx_word' id='word_1_127' title='bbox 1000 3170 1084 3232; x_wconf 90' lang='lat' dir='ltr'><strong>mihi</strong></span> <span class='ocrx_word' id='word_1_128' title='bbox 1111 3169 1306 3251; x_wconf 91' lang='lat' dir='ltr'><strong>promittas,</strong></span> <span class='ocrx_word' id='word_1_129' title='bbox 1328 3170 1396 3233; x_wconf 90' lang='lat' dir='ltr'><strong>nisi</strong></span> 
     </span>
     <span class='ocr_line' id='line_1_24' title="bbox 718 3267 1397 3350; baseline 0 -19"><span class='ocrx_word' id='word_1_130' title='bbox 718 3268 811 3350; x_wconf 93' lang='lat' dir='ltr'><strong>quod</strong></span> <span class='ocrx_word' id='word_1_131' title='bbox 834 3268 1009 3332; x_wconf 87' lang='lat' dir='ltr'><strong>desideras</strong></span> <span class='ocrx_word' id='word_1_132' title='bbox 1031 3277 1066 3333; x_wconf 91' lang='lat' dir='ltr'><strong>et</strong></span> <span class='ocrx_word' id='word_1_133' title='bbox 1089 3267 1240 3333; x_wconf 87' lang='lat' dir='ltr'><strong>volueris</strong></span> <span class='ocrx_word' id='word_1_134' title='bbox 1262 3268 1397 3333; x_wconf 89' lang='lat' dir='ltr'><strong>effectui</strong></span> 
     </span>
     <span class='ocr_line' id='line_1_25' title="bbox 717 3366 933 3449; baseline 0 -19"><span class='ocrx_word' id='word_1_135' title='bbox 717 3366 933 3449; x_wconf 87' lang='lat' dir='ltr'><strong>mancipari.’</strong></span> 
     </span>
    </p>
   </div>
   <div class='ocr_carea' id='block_1_6' title="bbox 295 3467 813 3568">
    <p class='ocr_par' dir='ltr' id='par_1_6' title="bbox 295 3467 813 3568">
     <span class='ocr_line' id='line_1_26' title="bbox 295 3467 813 3568; baseline -0.004 -12"><span class='ocrx_word' id='word_1_136' title='bbox 295 3533 346 3546; x_wconf 89' lang='lat'><em>-</em></span> <span class='ocrx_word' id='word_1_137' title='bbox 386 3467 443 3568; x_wconf 76' lang='lat'><strong>20,</strong></span> <span class='ocrx_word' id='word_1_138' title='bbox 459 3491 605 3556; x_wconf 72' lang='lat' dir='ltr'><strong>incedam</strong></span> <span class='ocrx_word' id='word_1_139' title='bbox 694 3490 813 3555; x_wconf 71' lang='lat' dir='ltr'><strong>darunt.</strong></span> 
     </span>
    </p>
   </div>
   <div class='ocr_carea' id='block_1_7' title="bbox 296 3611 1034 3791">
    <p class='ocr_par' dir='ltr' id='par_1_7' title="bbox 296 3611 1034 3791">
     <span class='ocr_line' id='line_1_27' title="bbox 461 3611 543 3654; baseline 0 0"><span class='ocrx_word' id='word_1_140' title='bbox 461 3611 543 3654; x_wconf 80' lang='lat' dir='ltr'><strong>cauo</strong></span> 
     </span>
     <span class='ocr_line' id='line_1_28' title="bbox 296 3704 1034 3791; baseline -0.015 -13"><span class='ocrx_word' id='word_1_141' title='bbox 296 3756 347 3767; x_wconf 92' lang='lat'><em>-</em></span> <span class='ocrx_word' id='word_1_142' title='bbox 390 3715 442 3791; x_wconf 89' lang='grc'><strong>21,</strong></span> <span class='ocrx_word' id='word_1_143' title='bbox 457 3712 615 3778; x_wconf 79' lang='lat' dir='ltr'><strong>abbatiam</strong></span> <span class='ocrx_word' id='word_1_144' title='bbox 695 3706 833 3772; x_wconf 90' lang='lat' dir='ltr'><strong>domum</strong></span> <span class='ocrx_word' id='word_1_145' title='bbox 848 3704 1034 3787; x_wconf 90' lang='lat' dir='ltr'><strong>religionis.</strong></span> 
     </span>
    </p>
   </div>
   <div class='ocr_carea' id='block_1_8' title="bbox 297 3829 1082 4000">
    <p class='ocr_par' dir='ltr' id='par_1_8' title="bbox 297 3829 1082 4000">
     <span class='ocr_line' id='line_1_29' title="bbox 297 3829 1082 3914; baseline -0.013 -13"><span class='ocrx_word' id='word_1_146' title='bbox 297 3880 348 3891; x_wconf 92' lang='lat'>—</span> <span class='ocrx_word' id='word_1_147' title='bbox 393 3839 445 3914; x_wconf 91' lang='grc'><strong>22,</strong></span> <span class='ocrx_word' id='word_1_148' title='bbox 464 3845 638 3900; x_wconf 67' lang='lat' dir='ltr'><strong>cosdroem</strong></span> <span class='ocrx_word' id='word_1_149' title='bbox 696 3831 910 3894; x_wconf 88' lang='lat' dir='ltr'><strong>constituens</strong></span> <span class='ocrx_word' id='word_1_150' title='bbox 926 3829 1082 3894; x_wconf 88' lang='lat' dir='ltr'><strong>eandem.</strong></span> 
     </span>
     <span class='ocr_line' id='line_1_30' title="bbox 461 3935 627 4000; baseline 0 0"><span class='ocrx_word' id='word_1_151' title='bbox 461 3983 489 4000; x_wconf 86' lang='lat'><strong>..</strong></span> <span class='ocrx_word' id='word_1_152' title='bbox 504 3983 512 4000; x_wconf 91' lang='lat'><strong>.</strong></span> <span class='ocrx_word' id='word_1_153' title='bbox 528 3935 627 4000; x_wconf 69' lang='lat' dir='ltr'><strong>baum</strong></span> 
     </span>
    </p>
   </div>
   <div class='ocr_carea' id='block_1_9' title="bbox 297 4048 1367 4266">
    <p class='ocr_par' dir='ltr' id='par_1_9' title="bbox 297 4048 1367 4266">
     <span class='ocr_line' id='line_1_31' title="bbox 297 4048 1134 4132; baseline 0 -22"><span class='ocrx_word' id='word_1_154' title='bbox 297 4099 347 4110; x_wconf 86' lang='grc'><strong>-.</strong></span> <span class='ocrx_word' id='word_1_155' title='bbox 391 4059 444 4132; x_wconf 83' lang='lat'><strong>30,</strong></span> <span class='ocrx_word' id='word_1_156' title='bbox 458 4056 566 4122; x_wconf 58' lang='lat' dir='ltr'><strong>almus</strong></span> <span class='ocrx_word' id='word_1_157' title='bbox 582 4066 624 4122; x_wconf 66' lang='lat' dir='ltr'><strong>est</strong></span> <span class='ocrx_word' id='word_1_158' title='bbox 696 4051 826 4114; x_wconf 91' lang='lat' dir='ltr'><strong>electus</strong></span> <span class='ocrx_word' id='word_1_159' title='bbox 844 4057 909 4125; x_wconf 90' lang='lat' dir='ltr'><strong>est,</strong></span> <span class='ocrx_word' id='word_1_160' title='bbox 925 4048 1134 4131; x_wconf 76' lang='lat' dir='ltr'><strong>postulatus</strong></span> 
     </span>
     <span class='ocr_line' id='line_1_32' title="bbox 299 4168 1367 4266; baseline -0.01 -23"><span class='ocrx_word' id='word_1_161' title='bbox 299 4177 375 4256; x_wconf 89' lang='grc'>157,</span> <span class='ocrx_word' id='word_1_162' title='bbox 394 4180 650 4266; x_wconf 77' lang='lat' dir='ltr'><strong>15,impcratoris</strong></span> <span class='ocrx_word' id='word_1_163' title='bbox 696 4171 912 4256; x_wconf 85' lang='lat' dir='ltr'><strong>imperatoris</strong></span> <span class='ocrx_word' id='word_1_164' title='bbox 928 4171 1165 4234; x_wconf 87' lang='lat' dir='ltr'><strong>Romanorum</strong></span> <span class='ocrx_word' id='word_1_165' title='bbox 1183 4168 1367 4232; x_wconf 88' lang='lat' dir='ltr'><strong>Frederici.</strong></span> 
     </span>
    </p>
   </div>
   <div class='ocr_carea' id='block_1_10' title="bbox 295 4292 1396 4476">
    <p class='ocr_par' dir='ltr' id='par_1_10' title="bbox 295 4292 1396 4476">
     <span class='ocr_line' id='line_1_33' title="bbox 295 4292 1396 4389; baseline -0.008 -23"><span class='ocrx_word' id='word_1_166' title='bbox 295 4343 347 4356; x_wconf 89' lang='lat'>-</span> <span class='ocrx_word' id='word_1_167' title='bbox 392 4306 446 4382; x_wconf 87' lang='grc'><strong>31,</strong></span> <span class='ocrx_word' id='word_1_168' title='bbox 463 4304 620 4389; x_wconf 71' lang='lat' dir='ltr'><strong>respiraro</strong></span> <span class='ocrx_word' id='word_1_169' title='bbox 695 4297 788 4361; x_wconf 82' lang='lat' dir='ltr'><strong>addit</strong></span> <span class='ocrx_word' id='word_1_170' title='bbox 799 4295 996 4369; x_wconf 82' lang='lat' dir='ltr'><strong>Paris,vix</strong></span> <span class='ocrx_word' id='word_1_171' title='bbox 1007 4292 1200 4375; x_wconf 89' lang='lat' dir='ltr'><strong>Charybdis</strong></span> <span class='ocrx_word' id='word_1_172' title='bbox 1212 4293 1396 4374; x_wconf 86' lang='lat' dir='ltr'><strong>voragines</strong></span> 
     </span>
     <span class='ocr_line' id='line_1_34' title="bbox 718 4392 1318 4476; baseline -0.012 -17"><span class='ocrx_word' id='word_1_173' title='bbox 718 4395 877 4470; x_wconf 84' lang='lat' dir='ltr'><strong>transire,</strong></span> <span class='ocrx_word' id='word_1_174' title='bbox 889 4393 948 4457; x_wconf 86' lang='lat' dir='ltr'><strong>vix</strong></span> <span class='ocrx_word' id='word_1_175' title='bbox 966 4413 988 4457; x_wconf 88' lang='lat' dir='ltr'><strong>a</strong></span> <span class='ocrx_word' id='word_1_176' title='bbox 1003 4393 1120 4476; x_wconf 89' lang='lat' dir='ltr'><strong>Scylla</strong></span> <span class='ocrx_word' id='word_1_177' title='bbox 1137 4392 1318 4457; x_wconf 87' lang='lat' dir='ltr'><strong>declinare.</strong></span> 
     </span>
    </p>
   </div>
   <div class='ocr_carea' id='block_1_11' title="bbox 298 4519 959 4687">
    <p class='ocr_par' dir='ltr' id='par_1_11' title="bbox 298 4519 959 4687">
     <span class='ocr_line' id='line_1_35' title="bbox 298 4519 959 4614; baseline -0.014 -27"><span class='ocrx_word' id='word_1_178' title='bbox 298 4527 373 4602; x_wconf 88' lang='lat'><strong>161,</strong></span> <span class='ocrx_word' id='word_1_179' title='bbox 391 4528 443 4602; x_wconf 78' lang='lat'><strong>34,</strong></span> <span class='ocrx_word' id='word_1_180' title='bbox 460 4545 639 4588; x_wconf 63' lang='lat' dir='ltr'><strong>concurrat</strong></span> <span class='ocrx_word' id='word_1_181' title='bbox 689 4519 959 4614; x_wconf 82' lang='lat' dir='ltr'><strong>committentes.</strong></span> 
     </span>
     <span class='ocr_line' id='line_1_36' title="bbox 465 4633 507 4687; baseline -0.024 0"><span class='ocrx_word' id='word_1_182' title='bbox 465 4633 507 4687; x_wconf 77' lang='lat' dir='ltr'><strong>tes</strong></span> 
     </span>
    </p>
   </div>
   <div class='ocr_carea' id='block_1_12' title="bbox 0 0 1703 5625">
    <p class='ocr_par' dir='ltr' id='par_1_12' title="bbox 0 0 1703 5625">
     <span class='ocr_line' id='line_1_37' title="bbox 0 0 1703 5625; baseline 0 0"><span class='ocrx_word' id='word_1_183' title='bbox 0 0 1703 5625; x_wconf 95' lang='lat' dir='ltr'><strong> </strong></span> 
     </span>
    </p>
   </div>
  </div>
 </body>
</html>
