3384 5625
667 799 865 846 nncrroass
891 799 1022 848 viarm.
1330 786 1395 851 189

341 989 482 1053 fossatis
496 988 675 1065 ambirent,
686 988 914 1053 servientibus
932 987 1165 1071 stipendiariis
1179 990 1393 1067 roborarent,

341 1089 486 1153 balistas
515 1096 551 1152 et
579 1088 755 1151 machinas
787 1095 959 1170 pararent,
992 1087 1125 1170 spicula
1160 1089 1390 1169 fabricarent3

343 1195 443 1252 caute
459 1196 573 1252 tamen
595 1196 630 1252 et
647 1189 721 1252 sine
738 1187 1041 1270 prorumpentibus
1058 1189 1392 1266 comminationibus,

342 1307 385 1350 ne
401 1288 547 1352 barones
560 1287 595 1351 id
612 1287 700 1351 forte
715 1288 975 1369 comperientes
992 1288 1233 1370 repagulorum
1250 1289 1390 1371 impedi-

342 1395 471 1465 menta,
488 1408 530 1451 ne
546 1387 642 1451 furor
655 1388 771 1468 regius
790 1387 1002 1469 procederet,
1017 1396 1265 1469 praepararent.
1311 1388 1391 1467 Sed,

342 1505 419 1550 cum
443 1487 528 1550 nihil
553 1487 724 1550 occultum
746 1486 839 1568 quod
862 1506 932 1550 non
952 1488 1134 1563 reveletur,
1161 1507 1222 1568 per
1245 1508 1393 1552 comme·

343 1594 442 1650 antes
460 1588 528 1650 cito
546 1586 766 1667 magnatibus
783 1586 858 1649 haec
876 1585 968 1649 mala
985 1586 1235 1667 praemeditatio
1257 1595 1292 1651 et
1307 1588 1393 1668 peri-

343 1686 462 1749 culosa
478 1685 687 1750 machinatio
701 1684 868 1763 innotuit3
887 1693 922 1748 et
932 1685 1040 1768 aliqui
1057 1686 1100 1749 de
1114 1686 1391 1767 prudentioribus

343 1784 487 1849 eundem
504 1784 675 1861 adierunt,
689 1792 728 1849 ut
738 1786 769 1848 si
782 1803 865 1849 vera
881 1792 996 1848 essent
1014 1804 1091 1867 quae
1103 1785 1305 1849 dicebantur
1318 1786 1391 1849 dili-

344 1890 465 1964 genter
490 1885 723 1966 explorarent,
750 1892 785 1947 et
810 1884 1104 1948 consolationibus
1130 1885 1393 1968 salubribusque

344 1983 495 2047 consiliis
509 1983 779 2065 indignationem
797 1983 872 2066 ejus
889 1991 1097 2061 averterent,
1119 1992 1154 2048 et
1171 2004 1248 2048 eum
1267 1987 1310 2048 ab
1327 1987 1392 2049 ini·

344 2102 414 2165 qno
430 2084 621 2165 proposito,
639 2090 824 2166 antequam
842 2083 998 2165 nequiter
1018 2084 1237 2165 inciperetur,
1253 2104 1393 2148 revoca-

346 2188 433 2245 rent.
484 2182 552 2245 Sed
570 2202 633 2246 rex
655 2201 776 2247 sereno
794 2183 906 2259 vultu,
923 2184 1018 2245 virus
1036 2184 1259 2246 intrinsecum
1277 2204 1393 2249 coram

343 2283 562 2363 magnatibus
591 2282 777 2364 palliando,
803 2302 840 2345 se
859 2282 943 2344 nibil
965 2283 1140 2346 sinistrum
1163 2283 1321 2347 meditari
1336 2284 1395 2368 ju-

345 2381 452 2445 rando
466 2401 529 2464 per
540 2381 645 2464 pedes
662 2381 728 2445 Dei
746 2387 944 2445 constanter
961 2381 1162 2460 affirmavit;
1189 2389 1224 2446 et
1239 2384 1288 2448 sic
1302 2404 1394 2447 mur-

345 2500 421 2544 mur
446 2480 521 2563 jam
546 2489 716 2558 exortum,
742 2501 804 2563 per
829 2480 918 2544 falsa
944 2492 1149 2559 commenta,
1178 2490 1213 2545 et
1238 2483 1394 2546 faciendo

343 2580 528 2643 cachinnos
559 2598 605 2643 ex
634 2580 779 2643 adverso
807 2580 977 2656 sedentes,
1010 2581 1152 2643 subdole
1187 2582 1394 2662 pacificavit.

345 2678 592 2755 Veruntamen,
613 2680 696 2761 quia
718 2676 853 2740 difficile
879 2698 916 2740 se
941 2680 1034 2760 capit
1052 2678 1214 2755 furiosus,
1240 2680 1395 2761 plurimis

345 2777 454 2860 signis
469 2777 535 2861 ipsi
549 2785 742 2859 magnates,
757 2783 942 2858 antequam
958 2778 1072 2860 ipsum
1087 2778 1268 2842 concilium
1285 2779 1393 2843 solve-

344 2885 448 2955 retur,
476 2886 703 2960 perceperunt
728 2876 819 2959 quod
848 2896 907 2940 cor
931 2878 1022 2958 regis
1052 2896 1211 2941 aversum
1236 2881 1394 2942 essetab

345 2977 394 3041 eis
413 2984 449 3040 et
467 2977 650 3041 decidisset
673 2977 791 3041 vultus
819 2976 907 3059 ejuS,
931 2985 966 3040 et
985 2978 1149 3042 continua
1171 2985 1284 3042 mente
1307 2998 1395 3060 prae·

346 3095 432 3157 saga
444 3077 578 3140 futuros
591 3084 735 3141 eventus
752 3077 1001 3157 ponderabant,
1015 3077 1180 3153 dicentes,
1189 3083 1198 3111 ‘
1207 3077 1273 3141 Vae
1285 3079 1394 3155 nobis,

345 3175 448 3238 immo
475 3175 540 3240 toti
563 3175 701 3258 Angliae
730 3177 861 3239 carenti
892 3196 972 3256 rege
1002 3177 1128 3251 veraci,
1160 3184 1195 3239 et
1220 3196 1394 3258 oppressae

344 3281 492 3356 tyranno
512 3274 657 3339 subdolo
681 3282 716 3338 et
732 3275 873 3337 summis
895 3275 1072 3338 conatibus
1092 3294 1236 3356 regnum
1253 3277 1394 3340 misera-

345 3374 412 3437 bile
429 3375 619 3438 evertenti!
667 3373 743 3436 Nos
762 3376 837 3456 jam
860 3373 983 3436 Romae
1004 3375 1151 3456 subjecit
1171 3380 1205 3436 et
1226 3373 1394 3439 Romanae

346 3473 461 3550 curiae‚
484 3481 524 3536 ut
544 3475 791 3556 protectionem
814 3472 858 3535 ab
879 3491 920 3535 ea
942 3490 1249 3554 consequeremur3
1274 3475 1396 3536 timen-

346 3571 426 3635 dum
444 3580 497 3637 est
514 3592 558 3636 ne
572 3573 758 3656 injuriosas
774 3571 1070 3654 suppeditationes
1089 3573 1125 3634 in
1149 3577 1323 3653 posterum
1342 3574 1394 3634 in·

345 3674 534 3736 veniamus.
587 3673 775 3755 Nunquam
797 3671 992 3737 audivimus
1014 3671 1056 3734 de
1076 3670 1193 3754 aliquo
1215 3691 1308 3759 rege,
1335 3673 1394 3753 qui

344 3771 451 3837 nollet
468 3770 558 3835 colla
580 3773 739 3836 servituti
761 3772 984 3851 subtrahere3
1008 3771 1073 3836 iste
1092 3777 1215 3854 sponte
1239 3790 1395 3835 succum-

344 3869 417 3934 bit!
462 3871 508 3934 Et
525 3871 575 3935 sic
591 3871 820 3936 lamentantes
837 3892 953 3954 regem
969 3871 1156 3937 recedendo
1172 3871 1395 3954 reliquerunt,

345 3970 388 4033 ad
404 3970 544 4053 propria
560 3970 876 4035 revertentes-So
895 3973 929 4035 O.

305 4119 363 4157 PAO.
385 4119 439 4155 LIN-

294 4193 557 4273 319,17,0asrr0
607 4194 610 4201 '
694 4195 858 4259 crastino.

292 4362 343 4375 -
387 4323 439 4398 21,
449 4330 643 4406 depromota·
694 4319 867 4384 versutiis.

459 4418 590 4483 timidus

292 4583 343 4594 -
388 4543 440 4619 23,
459 4550 594 4605 curcur
693 4540 785 4604 addit
807 4539 934 4614 Paris„
952 4537 1027 4625 (ille
1052 4537 1104 4601 ira
1130 4538 1395 4614 excandescens
