3384 5625
1330 1034 1734 1083 nnc'moNsss
1781 1034 2045 1083 vAmAE.
2707 1020 2795 1084 57

604 1164 718 1200 PAG.
765 1162 870 1201 Lm.

586 1225 735 1302 181,
768 1224 871 1302 26,
900 1221 1139 1288 aciebus
1381 1220 1566 1285 addit
1610 1220 1867 1298 Paris„
1915 1218 2350 1303 equestribus
2375 1224 2463 1281 ‘et
2492 1219 2647 1285 aliis
2692 1220 2793 1283 in-

1426 1319 1666 1385 finitis.

584 1483 688 1493 ——
774 1445 879 1522 27,
914 1456 1263 1509 caeterorum
1385 1444 1717 1508 omnium.

589 1611 690 1621 —
779 1573 883 1646 28,
922 1570 1222 1633 solidavit
1385 1570 1743 1633 animavit.

597 1693 744 1767 182,
827 1695 888 1768 3,
904 1693 1296 1776 potissimwm
1389 1692 1889 1775 potentissime,
1924 1691 2470 1774 potentissimus,

592 1854 695 1865 —
825 1818 888 1891 9,
925 1826 1177 1880 retentos
1389 1835 1553 1879 suos
1599 1824 1904 1880 retentos
1956 1817 2320 1898 conspexit
2365 1824 2615 1880 octavo
2671 1816 2798 1880 ka-

921 1918 1226 2000 conspexit
1434 1915 1676 1978 lendas
1713 1916 1912 1979 Maii.

594 2079 695 2090 —
785 2039 887 2113 26,
921 2037 1034 2102 tibi
1067 2040 1144 2103 do
1393 2039 1517 2102 tibi
1548 2038 1745 2102 dabo.

594 2204 695 2214 --
784 2165 886 2239 32,
901 2164 1228 2247 praestabis
1393 2164 1790 2244 praecelles.’
1881 2164 2022 2227 Hic
2055 2163 2474 2228 constitutus
2505 2173 2612 2228 est
2632 2165 2799 2229 ordo

1438 2264 1928 2327 canonicorum
1964 2264 2386 2327 Saresbiriae.

602 2389 747 2462 183,
781 2390 887 2461 13,
916 2390 1302 2473 mancipavit
1394 2387 1579 2453 addit
1643 2388 1896 2464 Paris,
1965 2388 2226 2452 Eodem
2286 2397 2593 2470 tempore
2654 2389 2800 2453 dux

1442 2487 1814 2565 RobertuS,
1840 2490 2193 2551 immemor
2223 2488 2408 2550 illius
2444 2489 2607 2551 boni
2637 2508 2801 2553 con-

1444 2588 1580 2650 silii
1644 2594 1663 2621 ‘
1700 2579 2220 2650 Humiliamini¹
2322 2588 2451 2650 sub
2536 2590 2807 2672 potenti

1440 2687 1698 2763 manu,’
1725 2689 1794 2750 in
1828 2686 2214 2768 ampullosa
2242 2688 2451 2750 verba
2482 2695 2552 2750 et
2579 2689 2801 2752 minas

1443 2785 1800 2869 prorupit,‘
1847 2786 2041 2850 falsis
2105 2785 2432 2869 pollicitis
2496 2794 2566 2852 et
2624 2807 2804 2870 prae-

1443 2888 1640 2967 cipue
1686 2887 1957 2951 comitis
2002 2883 2390 2949 Cesti-ensis
2431 2888 2799 2952 animatus·

1445 2985 1777 3067 Deceptis
1810 2986 2023 3066 igitur
2053 2985 2477 3062 custodibuS‚
2511 2995 2802 3051 conatus

1445 3092 1551 3147 est
1578 3084 1912 3161 evadere;
1963 3085 2084 3148 sed
2111 3083 2382 3166 fugiens
2423 3086 2511 3148 ab
2546 3086 2800 3149 eisdem

1443 3191 1688 3265 captus
1733 3192 1862 3260 est,
1905 3184 2215 3248 incidens
2261 3204 2387 3248 suo
2427 3203 2682 3248 manno
2729 3186 2801 3248 in

1444 3284 1750 3346 bitumen
1792 3284 2239 3366 profundum.
2368 3284 2630 3348 Fuerat
2677 3304 2801 3348 au-

1448 3391 1584 3446 tem
1644 3373 2039 3447 reverenter
2089 3385 2158 3445 in
2219 3382 2436 3446 libera
2492 3384 2807 3448 custodia

1449 3481 1790 3546 detentus,
1897 3482 2103 3559 Quod
2147 3502 2301 3546 cum
2337 3483 2486 3564 regi
2530 3485 2802 3548 nuntia·

1450 3590 1663 3656 retur,
1684 3582 1900 3663 Jussit
1930 3600 2109 3656 eum,
2139 3583 2417 3645 arctiori
2448 3585 2707 3647 carceri
2735 3589 2804 3646 et

1450 3680 1784 3743 custodiae
1828 3681 2315 3762 mancipatum,
2350 3681 2642 3760 fulgenti
2683 3683 2804 3745 ob-

1448 3779 1718 3843 staculo
1744 3779 2093 3843 oculorum
2125 3779 2276 3842 luce
2304 3780 2584 3859 privari.
2641 3780 2803 3843 Mu-

1450 3880 1707 3943 tatoria
1731 3887 1960 3943 autem
1993 3879 2191 3961 quasi
2225 3897 2353 3941 sua
2383 3879 2443 3941 ei
2479 3899 2615 3942 non
2650 3882 2803 3943 sub-

1451 3980 1688 4043 traxit.
1758 3979 1923 4042 Dux
1951 3998 2110 4042 vero
2135 3999 2224 4067 en
2251 3979 2373 4041 illa
2393 3979 2563 4042 hora
2586 4000 2804 4062 usque

1448 4078 1537 4141 ad
1570 4087 1857 4142 mortem
1892 4086 2120 4142 mente
2151 4087 2221 4142 et
2253 4098 2538 4160 corpore
2573 4080 2808 4143 incon-

1450 4178 1721 4240 solabili
1741 4178 1975 4241 dolore
1998 4179 2376 4241 contabuit.
2460 4179 2613 4244 Rex
2640 4199 2805 4244 vero

1449 4296 1538 4338 ex
1573 4278 1756 4340 omni
1787 4277 2178 4357 suspicione
2212 4277 2539 4347 liberatus
2575 4279 2807 4361 dedig-

1452 4375 1769 4452 nabatur,
1807 4395 1962 4458 quae
1996 4376 2429 4457 promiserat,
2464 4380 2809 4458 magnati-

1449 4475 1579 4536 bus
1613 4475 1759 4537 suis
1789 4473 2188 4555 adimplere,
2210 4474 2429 4538 minas
2459 4476 2662 4540 minis
2699 4497 2807 4542 ac-

1450 4573 1888 4650 cumulando,
1958 4575 2076 4655 qui
2140 4594 2376 4638 omnes
2449 4579 2810 4660 conquesti

1446 4680 1612 4737 sunt
1642 4692 1873 4736 coram
1910 4672 2065 4737 Deo
2094 4674 2429 4737 ultionum
2465 4673 2788 4742 Domino.

1312 4876 1328 4908 ¹
1347 4877 1741 4940 Humiliamini.]
1781 4881 1798 4925 1
1835 4879 1945 4926 Pet.
1974 4893 2020 4927 v.
2047 4882 2095 4927 6.
