3384 5625
332 721 375 784 86
707 733 909 782 nncrromns
932 735 1064 783 viarm.

334 918 408 982 sine
437 916 668 998 corruptione,
696 916 803 999 juxta
829 918 971 980 verbum
999 915 1127 997 angeli,
1153 916 1258 979 immo
1285 916 1352 981 Dei
1378 938 1440 1000 per

334 1016 509 1097 angelum,
520 1023 560 1082 ut
570 1016 685 1097 plena,
698 1035 768 1079 non
779 1016 980 1098 semiplena,
995 1035 1070 1079 esse
1084 1016 1207 1096 gratiae
1222 1019 1438 1098 probaretur,

335 1124 371 1180 et
384 1115 481 1180 Deus
497 1116 607 1179 Filius
624 1114 712 1199 ejuS,
733 1115 915 1196 antiquum
936 1114 1028 1198 quod
1050 1114 1182 1197 pridem
1205 1115 1324 1179 docuit
1341 1136 1439 1180 man·

335 1215 468 1291 datum,
493 1215 639 1280 fideliter
663 1214 879 1296 adimpleret,
900 1214 1059 1279 videlicet
1080 1223 1213 1297 patrem
1236 1223 1271 1279 et
1293 1225 1439 1281 matrem

336 1314 465 1378 honore
486 1314 697 1396 praevenir03
728 1321 764 1377 et
784 1334 827 1378 ne
847 1334 929 1379 caro
950 1312 1080 1378 Christi
1103 1314 1270 1395 virginea,
1294 1335 1374 1397 quse
1396 1316 1439 1379 de

337 1431 441 1477 earne
454 1414 575 1478 matris
592 1412 738 1494 virginis
752 1420 932 1495 assumpta
946 1413 1071 1490 fuerat,
1089 1433 1111 1477 a
1128 1420 1202 1478 tota
1217 1414 1438 1495 discreparet.

337 1511 370 1577 Α
397 1512 571 1595 praedictis
593 1513 702 1595 igitur
719 1510 926 1577 Christianae
946 1511 1026 1577 fidei
1047 1513 1243 1577 venerabile
1264 1515 1377 1595 surgit
1400 1515 1436 1578 in

337 1612 430 1676 celsa
457 1612 608 1676 culmina
632 1611 913 1691 tundamentum
943 1611 1017 1675 haee
1044 1620 1099 1676 est
1120 1612 1300 1676 catholicae
1325 1614 1439 1695 religi·

338 1713 414 1776 onis
429 1711 535 1789 scala,
554 1730 736 1793 perquam
758 1711 889 1775 homini
910 1711 1014 1776 datur
1038 1712 1223 1776 ascendere
1239 1712 1283 1775 ad
1301 1721 1441 1777 aeternae

337 1812 484 1893 patriam
507 1811 687 1875 claritatis.
737 1810 775 1875 Si
792 1830 876 1892 ergo
899 1810 1007 1874 habes
1032 1811 1068 1874 in
1089 1810 1260 1875 desiderio
1286 1810 1329 1875 de
1346 1819 1441 1876 tene-

338 1911 409 1974 bris
438 1910 574 1993 prodire
598 1910 635 1974 in
660 1910 771 1973 lucem
794 1917 829 1973 et
855 1910 1018 1993 amplecti
1042 1910 1302 1974 saluberrimam
1328 1911 1441 1993 legem

340 2008 482 2087 Christi,
493 2009 622 2073 relictis
633 2008 845 2073 Machometi
861 2010 1049 2091 spurcitiis,
1061 2009 1104 2072 ad
1122 2010 1440 2094 ecclesiequoque,

339 2128 419 2191 quae
445 2109 557 2171 sinum
585 2107 707 2189 pandit
738 2109 910 2186 omnibus,
933 2108 1057 2189 refugii
1082 2110 1216 2191 asylum
1243 2109 1440 2190 confugere,

339 2216 409 2272 tuae
431 2207 703 2272 conversationis
731 2207 901 2288 primitias
921 2227 1060 2272 necesse
1085 2216 1138 2272 est
1165 2209 1363 2290 baptismali
1389 2209 1441 2273 la·

339 2325 443 2371 vacro
459 2324 683 2384 consecrare3
706 2315 890 2388 quatenus,
911 2307 1069 2388 deposita
1085 2307 1120 2370 in
1138 2308 1239 2389 aquis
1259 2327 1441 2388 regenera-

339 2406 444 2469 tionis
471 2412 646 2469 vetustate
676 2406 821 2487 peccati,
847 2406 884 2468 in
910 2426 1034 2470 novam
1061 2407 1185 2470 auimae
1210 2407 1440 2470 innocentiam

339 2514 374 2570 et
398 2505 481 2568 vitae
507 2504 688 2569 infantiam
720 2505 924 2581 renascaris,
954 2514 994 2570 ut
1022 2504 1115 2569 illius
1144 2505 1264 2586 gloriae
1294 2506 1443 2570 caelestis

338 2605 512 2687 particeps
533 2603 702 2681 efficiaris,
727 2623 831 2686 quam
854 2605 948 2668 auris
971 2624 1039 2669 non
1062 2604 1208 2681 audivit,
1231 2624 1294 2668 nee
1320 2605 1442 2669 oculus

338 2704 439 2780 vidit,
463 2724 526 2768 nec
547 2705 583 2767 in
598 2724 658 2767 cor
672 2702 820 2766 hominis
849 2703 1026 2783 ascendit3
1050 2711 1121 2768 tam
1147 2704 1287 2786 copiosa
1311 2714 1442 2769 utnon

340 2804 451 2885 possit
465 2804 647 2880 annullari,
664 2822 792 2884 magna
807 2811 925 2868 utnon
943 2802 1053 2887 possit
1066 2803 1321 2886 comprehendi,
1331 2804 1443 2869 multa

340 2912 465 2967 utnon
488 2903 598 2984 possit
616 2901 798 2977 numerari,
814 2903 967 2984 pretiosa
988 2911 1026 2967 ut
1048 2923 1119 2967 non
1141 2904 1253 2986 possit
1267 2904 1444 2980 aestimari,

339 3001 504 3065 diuturna
519 3008 559 3064 ut
574 3020 644 3063 non
661 3001 772 3082 possit
789 3002 988 3082 terminari3
1015 3021 1118 3084 quam
1135 3004 1330 3085 repromisit
1347 3003 1444 3066 Deus

339 3099 561 3182 diligentibus
581 3119 630 3176 se,
654 3107 688 3163 et
710 3119 775 3165 sua
796 3103 1020 3184 sequentibus
1041 3102 1190 3183 vestigia
1210 3103 1445 3184 pedetentim.'

341 3199 513 3264 Soldanus
539 3199 645 3281 igitur
667 3199 732 3261 hiis
753 3199 959 3265 informatus
983 3201 1179 3265 salubribus
1202 3201 1444 3267 admonitioni·

340 3301 405 3363 bns
432 3299 594 3382 baptismi
616 3299 768 3380 suscepit
792 3298 951 3364 clanculo
974 3308 1250 3380 sacramentum
1278 3301 1443 3384 primates

340 3399 430 3462 enim
439 3399 505 3475 sui,
517 3398 599 3482 quia
609 3397 731 3463 Romae
745 3405 797 3463 tot
809 3400 1003 3464 scaturiunt
1020 3400 1253 3477 enormitates,
1270 3400 1444 3477 dicebant,

340 3496 548 3576 ‘Quomodo
575 3517 620 3560 ex
651 3517 719 3561 uno
749 3498 845 3562 fonto
877 3517 971 3581 aqua
1000 3498 1110 3562 dulcis
1137 3508 1173 3564 et
1198 3499 1293 3564 salsa
1315 3500 1445 3582 poterit

342 3598 528 3660 emanaret
575 3596 645 3660 Ubi
669 3595 858 3661 Christiani
875 3598 1004 3663 iontem
1018 3598 1166 3681 justitiae
1189 3598 1326 3663 haurire
1350 3606 1445 3663 tene·

342 3703 472 3771 rentur,
489 3695 672 3759 inveniunt
686 3695 824 3761 laticem
842 3697 1060 3761 toxicatum!

587 3865 658 3946 Qec
673 3867 724 3933 dio
739 3869 861 3935 Martis
881 3869 999 3936 ltoeae
1013 3869 1204 3935 moderant.

395 3989 558 4053 Nescitur
590 3991 763 4075 quomodo
790 4012 902 4057 rerum
936 3994 1106 4077 praesagio
1130 3994 1186 4058 vel
1213 4002 1338 4058 eventu
1364 4015 1447 4058 con-

343 4089 470 4170 tigerit,
497 4091 590 4171 quod
618 4091 728 4156 multa
754 4092 857 4157 beato
882 4093 1026 4159 Thomae
1050 4094 1106 4158 die
1126 4093 1252 4158 Martis
1277 4094 1448 4158 mirabilia

342 4191 574 4270 contigerunt.
642 4189 710 4253 Die
746 4191 837 4255 enim
872 4193 1012 4269 Martis,
1046 4192 1179 4256 scilicet
1209 4192 1266 4256 dio
1302 4192 1447 4258 Thomae

341 4287 503 4369 apostoli,
528 4296 630 4352 natus
655 4290 801 4368 exstitit,
823 4299 964 4373 propter
992 4291 1084 4374 quod
1114 4291 1268 4355 Thomas
1293 4312 1339 4356 ex
1364 4300 1448 4357 voto

343 4386 462 4449 matris
501 4387 537 4449 in
569 4387 741 4471 baptismo
773 4390 1026 4472 appellabatur.
1082 4390 1177 4455 Bene
1211 4391 1247 4455 in
1284 4391 1447 4455 mundum

342 4486 487 4550 intravit
513 4486 568 4550 die
603 4487 730 4553 Martis
758 4498 923 4571 tanquam
954 4497 1076 4554 contra
1104 4489 1278 4554 diabolum
1310 4491 1447 4572 praelia-
