3384 5625
658 779 859 828 nnerronns
886 780 1019 828 vania.
1325 764 1392 828 267

335 962 397 1027 fiat
426 961 647 1026 exactoribus
677 980 853 1042 nunqnam
883 960 1062 1025 fructuosa
1076 961 1097 1025 l’
1150 959 1253 1038 Quod
1283 962 1390 1045 juxta

338 1068 419 1125 vota
435 1061 554 1143 populi
572 1059 710 1136 accidit,
727 1060 811 1141 qnia

497 1208 505 1237 ⁶
516 1199 583 1257 Non
596 1199 695 1257 habet¹
712 1209 830 1257 eventus
845 1199 958 1257 sordida
971 1199 1067 1277 praeda
1079 1198 1187 1258 boues?

339 1336 395 1398 Ex
412 1354 453 1398 eo
470 1342 585 1399 autem
606 1342 761 1417 tempore
787 1354 857 1398 non
883 1334 1066 1399 defuerunt
1089 1336 1126 1399 in
1150 1342 1244 1400 terra
1266 1337 1391 1418 Angli-

339 1453 426 1497 cana
451 1434 589 1517 quidam
614 1434 878 1510 transmontani,
904 1435 964 1516 qni
990 1454 1027 1498 se
1050 1443 1260 1501 mercatores
1282 1435 1389 1500 uomi-

340 1539 436 1609 nant,
464 1534 613 1596 usurarii
643 1532 856 1615 impiissimi;
890 1534 951 1614 qui
980 1534 1065 1596 nihil
1096 1534 1188 1598 eliud
1218 1541 1391 1618 quaerunt,

341 1632 406 1697 nisi
435 1632 471 1695 in
498 1632 632 1715 laqueis
661 1631 745 1710 suis,
779 1632 953 1713 praecipue
987 1652 1074 1715 quos
1104 1632 1266 1697 Romana
1294 1635 1390 1697 curia

340 1732 510 1813 angariat,
524 1732 725 1813 illaqueare.
779 1732 825 1794 Et
846 1732 896 1794 sic
915 1732 1058 1796 abrasor
1074 1734 1296 1814 pecuniarum
1314 1752 1388 1795 ma-

340 1832 449 1911 gister
480 1830 690 1913 Stephanus,
720 1830 850 1893 domini
881 1850 982 1913 papae
1016 1830 1228 1913 capellanus,
1264 1831 1391 1913 Anglis

341 1929 434 1993 soeda
448 1930 588 2013 reliquit
600 1930 759 2011 vestigia.

301 2068 357 2103 PAO·
387 2068 440 2103 ult.

294 2132 369 2206 203,
407 2127 640 2205 7,Solus..Ra-
691 2129 794 2193 Solus
820 2132 937 2193 autem
962 2149 1077 2194 comes
1100 2128 1295 2194 Castrensis
1318 2130 1393 2194 Ra·

455 2227 590 2313 nnhrlas
713 2229 863 2311 nulphus
881 2230 978 2292 stetit
992 2228 1148 2293 viriliter.

290 2392 340 2403 -
385 2350 436 2427 26,
449 2351 642 2417 Oooentrensi
690 2350 784 2414 addit
801 2351 926 2428 Paris,
945 2352 1005 2434 qui
1029 2352 1115 2416 satis
1130 2351 1222 2416 felici
1238 2352 1392 2435 auspicio

713 2448 860 2513 officium
884 2452 1037 2533 suscepit
1057 2452 1265 2534 episcopale,
1291 2460 1326 2516 et
1341 2452 1393 2515 sa·

713 2549 844 2612 bricam
869 2570 970 2614 novae
990 2550 1156 2626 ecclesiae,
1174 2569 1278 2631 qnam
1304 2570 1393 2632 prae-

714 2646 875 2710 decessor
890 2667 975 2711 suus
998 2647 1194 2711 Richardus
1216 2649 1395 2712 transtulit

714 2753 748 2809 et
765 2765 853 2809 ausu
880 2766 949 2811 non
971 2747 1181 2829 pusillanimi
1206 2746 1394 2826 inchoavit,

713 2846 859 2909 viriliter
899 2854 951 2911 est
993 2854 1207 2928 prosecutus,
1247 2847 1396 2930 juvante

715 2945 804 3021 Deo,
826 2965 920 3026 rege,
943 2951 978 3008 et
998 2946 1138 3028 populo.
1192 2945 1294 3010 Unde
1318 2947 1395 3027 qni·

714 3043 792 3106 dam
811 3044 1024 3108 versificator
1038 3045 1089 3109 ait
1104 3045 1190 3108 satis
1204 3045 1394 3127 eleganter,

733 3192 817 3248 ‘Rex
837 3193 957 3268 largitur
978 3211 1054 3269 opes,
1074 3192 1132 3250 fert
1151 3193 1256 3270 praesul
1276 3213 1368 3271 opem,

812 3287 941 3363 lapicidae

754 3384 835 3441 Dant
857 3402 990 3459 operam;
1010 3384 1100 3441 tribus
1121 3382 1167 3440 his
1189 3391 1232 3441 est
1255 3403 1326 3460 opus
1350 3392 1382 3440 ut

814 3471 870 3520 stet
884 3463 973 3539 opus!

295 3612 437 3687 204,16,
454 3608 551 3672 lanii
693 3605 785 3669 adata
801 3605 927 3681 Paris,
942 3604 1072 3668 Eodem
1088 3623 1178 3668 anno
1196 3604 1281 3667 obiit
1298 3604 1395 3668 Mar-

716 3705 809 3767 tinus
833 3705 876 3768 de
901 3702 1113 3779 Pateshulle,
1132 3702 1282 3766 decanus
1305 3703 1394 3767 Lon·

716 3804 880 3880 dinensiS,
907 3803 1039 3866 decimo
1067 3809 1192 3866 octavo
1228 3801 1395 3866 kalendas

717 3903 931 3977 Decembris
952 3901 1006 3964 vir
1028 3902 1125 3964 mirae
1147 3902 1338 3984 prudentiae
1362 3909 1397 3964 et

716 4000 832 4080 legum
851 4006 952 4062 terrae
971 3999 1115 4079 peritus.

296 4129 369 4202 205,
409 4128 438 4201 2,
456 4123 618 4212 refundere
695 4119 834 4183 refudit.

463 4223 586 4286 cwraoit

294 4389 345 4399 -
412 4348 445 4420 4,
461 4344 648 4430 procuravit
696 4345 785 4406 sicut
802 4341 899 4425 prius
916 4342 1125 4424 procuravit.

593 4539 670 4591 1Νοιι
682 4542 774 4604 ἠῶθι]
792 4541 871 4590 Ovid.
882 4540 970 4591 Amor.
983 4553 1002 4590 1.
1014 4555 1040 4590 x.
1052 4544 1094 4590 le.
