3384 5625
679 767 881 816 nncrrouns
904 769 1037 818 numm
1338 753 1419 819 289*

307 894 364 930 Plu.
387 894 441 931 ult.

296 952 369 1033 287,
387 959 440 1031 29,
461 954 624 1019 Wollmi·
694 953 788 1018 addit
803 954 931 1031 Paris,
945 966 981 1019 et
992 956 1129 1021 videtur
1146 955 1212 1020 hoe
1228 956 1352 1022 fecisse
1366 958 1404 1021 in

468 1054 522 1117 duo
717 1054 833 1117 odium
852 1064 889 1119 et
904 1055 1069 1119 damnum
1084 1056 1188 1139 regis.

297 1182 370 1257 288,
410 1175 442 1256 7,
457 1200 526 1242 oum
544 1178 646 1243 volue-
694 1175 813 1241 wat.

460 1280 505 1342 n'l

294 1437 346 1447 —
390 1404 442 1479 15,
458 1402 584 1465 reddero
693 1398 866 1462 redditum
880 1407 1086 1465 restaurare.

293 1559 345 1569 —
389 1521 440 1604 27,
454 1525 643 1610 ropiimpou-
693 1520 788 1585 dant.

457 1625 536 1688 drmt

294 1790 345 1801 -
389 1750 441 1824 31,
450 1747 560 1833 plures
693 1747 810 1830 plures
827 1747 981 1811 discreti.

296 1872 370 1947 289,
409 1873 439 1949 2,
450 1871 609 1955 pertonat
692 1871 786 1934 addit
810 1870 934 1948 Paris,
957 1869 1060 1935 Circa
1076 1870 1166 1934 idem
1184 1876 1321 1953 tempus
1336 1892 1399 1937 rex

716 1969 855 2054 Angliae
878 1970 1052 2035 Henricus
1078 1969 1252 2052 quandam
1275 1972 1398 2036 decen-

717 2078 786 2133 tem
835 2069 1013 2134 ecclesiam
1061 2077 1096 2133 et
1136 2070 1398 2151 congregationi

717 2170 938 2235 conventuali
963 2167 1201 2243 sufficientem,
1223 2187 1300 2232 cum
1323 2170 1398 2253 qui-

717 2269 861 2331 busdam
881 2268 1035 2332 aediliciis
1052 2268 1303 2351 adJaeentibuS,
1320 2289 1399 2352 pro-

716 2369 802 2450 priis
830 2368 1025 2451 sumptibus
1050 2367 1232 2431 fabricavit
1255 2368 1291 2431 in
1319 2368 1397 2433 loeo

717 2468 777 2532 ubi
802 2468 942 2531 domum
965 2466 1232 2543 conversorum,
1257 2487 1320 2549 pro
1347 2488 1400 2531 re-

718 2567 916 2648 demptione
946 2567 1070 2629 animae
1115 2584 1187 2628 suae
1228 2574 1265 2629 et
1308 2567 1399 2647 regis

717 2664 890 2729 Iohannis
930 2666 1040 2747 patris
1079 2663 1133 2726 sui
1176 2670 1211 2727 et
1244 2665 1396 2728 omnium

719 2772 976 2829 antecessorum
1021 2782 1174 2841 suorum,
1219 2764 1400 2829 constituit

719 2884 811 2928 anno
844 2864 942 2945 regni
975 2862 1030 2927 sui
1067 2864 1200 2927 decimo
1239 2864 1398 2945 septimo,

719 2964 879 3028 videlicet
893 2963 1093 3039 Londoniis,
1116 2962 1209 3026 haud
1232 2964 1353 3046 procul
1376 2983 1399 3028 a

718 3062 841 3127 Veteri
865 3063 1030 3147 Templo;
1061 3063 1232 3145 adquam
1260 3063 1399 3127 domum

718 3162 958 3243 confugientes
994 3162 1017 3226 J
1021 3163 1111 3226 udaei
1143 3163 1310 3238 conversi,
1344 3182 1398 3226 re-

719 3261 803 3324 licta
830 3260 853 3324 J
856 3261 1003 3325 udaismi
1026 3265 1193 3337 caecitate,
1220 3262 1285 3324 sub
1313 3280 1412 3342 qua-1

719 3359 798 3422 dam
814 3360 961 3424 honesta
977 3359 1114 3424 vivendi
1130 3359 1252 3440 regula
1268 3367 1398 3423 certum

718 3458 886 3522 haberent
911 3460 947 3522 in
972 3465 1047 3522 tota
1068 3459 1141 3521 vita
1168 3478 1233 3523 sua
1261 3459 1398 3522 domici-

719 3558 815 3635 lium,
835 3564 949 3622 tutum
970 3557 1152 3638 refugium,
1176 3565 1210 3622 et
1228 3556 1398 3621 sufficiens

718 3659 801 3722 vitae
830 3664 1154 3735 sustentamentum,
1181 3657 1254 3721 sine
1281 3657 1398 3721 servili

718 3757 837 3821 labore
881 3764 916 3821 et
963 3757 1104 3822 foenoris
1152 3757 1396 3821 emolumento.

720 3856 823 3921 Unde
856 3857 984 3921 factum
1019 3864 1084 3932 est,
1115 3856 1205 3938 quod
1236 3856 1272 3918 in
1301 3856 1399 3920 brevi

718 3963 951 4036 congregatus
981 3961 1034 4018 est
1061 3954 1187 4018 ibidem
1217 3974 1397 4018 converso·

719 4072 795 4115 rum
822 4071 985 4117 numerus
1010 4053 1182 4135 copiosuS,
1208 4060 1243 4115 et
1270 4052 1398 4116 ibidem

718 4151 885 4234 baptizati
904 4159 940 4215 et
958 4150 1230 4215 Christianorum
1252 4150 1329 4231 lege
1343 4150 1397 4214 in-

719 4252 843 4314 structi
873 4251 995 4314 vivunt
1025 4248 1256 4325 laudabiliter,
1286 4251 1398 4331 perito

720 4357 853 4414 rectore
873 4348 916 4412 ad
938 4348 1003 4413 hoc
1022 4348 1217 4431 specialiter
1232 4348 1399 4431 deputato

720 4449 914 4529 gubernati.
951 4448 1116 4512 Similiter
1128 4447 1259 4531 Spiritu
1269 4448 1398 4513 Sancto

722 4555 836 4613 tactus
854 4557 890 4613 et
906 4548 1046 4631 pietatis
1067 4548 1196 4612 intuitu
1216 4567 1399 4630 compunc-

1224 4663 1248 4709 u
