3384 5625
644 801 845 849 nncrronns
872 802 1006 853 varum.
1334 786 1378 851 11

275 926 332 1065 1220,
371 924 423 1062 ug,
438 986 476 1051 da
497 984 625 1051 urbibus
674 1008 777 1071 quem
800 1008 941 1052 censum
964 990 1076 1067 urbes,
1102 989 1255 1067 castella,
1271 989 1377 1067 villae,

420 1086 625 1152 ...redderent
697 1088 778 1165 vici,
806 1088 962 1167 flumina,
986 1089 1142 1172 paludes,
1165 1090 1275 1173 sylvae
1299 1088 1377 1153 red·

695 1187 825 1252 derent.

273 1344 324 1353 -
368 1310 422 1384 20,
437 1307 525 1392 eujus
672 1310 709 1372 in
724 1310 825 1393 cujus
840 1311 968 1376 sedem.

274 1469 325 1478 —
369 1434 421 1509 21,
451 1432 487 1495 in
528 1432 626 1495 aedem
673 1433 792 1500 deuant.

426 1531 625 1616 apostolicum

275 1693 326 1702 —
371 1658 422 1732 25,
435 1655 624 1720 ordinavit..
675 1656 909 1721 ordinaverat.
971 1655 1030 1720 Illi
1149 1658 1376 1722 reclamantes

427 1765 626 1819 ...arserant
697 1757 910 1819 asserebant.

277 1899 327 1972 23,
390 1899 420 1973 8,
441 1895 479 1959 do
505 1893 625 1980 quibus·
676 1895 719 1958 ab
742 1894 900 1957 omnibus
919 1895 1126 1976 promiscue,
1149 1895 1223 1960 sive
1246 1915 1307 1977 per
1324 1895 1377 1959 fas

424 2016 539 2080 cunque
696 1994 771 2058 sive
788 2014 850 2076 per
865 1992 974 2060 nesae.

424 2095 488 2158 aive
502 2094 616 2180 injusta

275 2255 326 2265 -
370 2220 422 2296 19,
437 2218 600 2303 loquebar·
675 2214 916 2278 decernebant.

438 2327 492 2383 tur

253 2468 335 2511 ·--,
368 2443 421 2520 22,
437 2442 492 2526 qm·
504 2462 625 2505 mmm
677 2432 826 2499 Cervum
840 2433 895 2498 vel
910 2435 1108 2516 capreolum
1120 2435 1272 2518 capienti
1285 2436 1377 2500 oculi

426 2589 460 2605 ..
481 2589 489 2605 .
507 2589 515 2605 .
534 2563 623 2606 mur·
698 2536 917 2612 eruebantur,
939 2552 1003 2597 nec
1022 2534 1088 2599 suit
1105 2536 1164 2617 qui
1184 2534 1238 2598 bis
1259 2555 1297 2599 se
1317 2556 1377 2619 0p-

423 2650 564 2705 maram
695 2641 840 2715 poneret
856 2634 1004 2714 legibue

273 2817 324 2826 —
368 2782 420 2858 25,
435 2780 584 2865 Nefanda
675 2772 836 2856 Denique
851 2770 1010 2837 nefando.

432 2902 566 2965 prorsus

274 3040 325 3050 —-
369 3007 421 3081 28,
437 3025 519 3069 curre
673 2994 763 3058 doeti-

273 3161 325 3171 —
367 3160 411 3172 —
435 3147 520 3190 omna
673 3119 720 3183 id.
932 3201 935 3206 Ι

273 3282 324 3291 -
369 3247 420 3322 29,
442 3244 625 3311 discurrunt
674 3243 917 3307 discurrerent.

276 3369 328 3443 24,
391 3370 424 3445 9,
442 3378 510 3433 crat
673 3367 724 3431 illi
740 3367 823 3431 data
838 3373 939 3430 esset.

273 3528 324 3538 —-
369 3495 420 3569 14,
436 3492 500 3578 ojus
674 3499 790 3556 tamen
807 3492 895 3575 ejus.

273 3652 324 3662 -
369 3618 420 3694 16,
439 3627 609 3702 paratura·
673 3624 933 3700 peractumque.

446 3739 502 3801 que

273 3874 325 3885 —
369 3835 420 3915 17,
432 3839 554 3923 quidem
562 3849 624 3905 rta-
674 3839 812 3921 quidem
831 3839 1012 3922 Remigius
1028 3846 1175 3904 statura.

429 3946 503 4002 tura
1049 3982 1051 3987 .

273 4101 324 4112 --
370 4061 420 4136 19,
444 4059 585 4144 uperibur
673 4082 742 4127 nou
761 4064 931 4145 operibus.

445 4159 565 4224 nitidus

274 4316 325 4326 -
369 4281 626 4366 20‚quidamfa-
674 4285 826 4349 famulus
841 4303 936 4347 suuS.

433 4381 534 4446 mulas
548 4382 613 4466 ejus

275 4542 326 4550 -
370 4505 627 4582 23,Hocuactoro
676 4503 755 4566 Hoc
771 4510 886 4567 autem
903 4511 1054 4568 auctore.
