3384 5625
293 768 360 835 299
665 783 868 833 uncrronns
891 783 1025 833 viarm.

348 975 406 1035 tus
431 986 495 1032 rex
517 962 656 1048 angliae
683 967 858 1031 Henricus
886 965 1060 1049 quoddam
1087 965 1201 1030 nobile
1228 962 1405 1047 hospitale

350 1066 498 1131 Oxoniis
528 1067 719 1142 constituit,
750 1086 819 1131 non
850 1066 970 1148 procul
1003 1084 1024 1127 a
1056 1072 1173 1148 ponte,
1208 1070 1247 1133 ut
1278 1062 1407 1126 ibidem

350 1166 477 1229 infirmi
490 1172 525 1229 et
541 1166 714 1248 peregrini
737 1185 810 1230 suae
834 1165 1021 1229 remedium
1039 1165 1231 1247 reciperent
1244 1162 1408 1226 sanitatis

352 1272 388 1329 et
404 1264 633 1328 necessitatis.

301 1388 375 1527 299,
392 1387 447 1523 pli,
462 1446 643 1511 mortalias
700 1447 792 1511 addit
809 1447 936 1524 Paris„
954 1448 1046 1531 quod
1061 1447 1348 1511 comminabatur.

301 1613 352 1625 -
396 1574 448 1649 33,
461 1571 653 1635 emittentes..
702 1572 945 1653 clangentibus
963 1581 1191 1654 erumpentes.

467 1671 615 1734 uacuatos

300 1836 352 1847 -
396 1792 656 1877 34,praemaoitoe
703 1795 928 1879 praemunitos
943 1794 1157 1859 invadentes.

303 1919 377 1993 290,
420 1919 450 1993 1,
468 1915 626 2001 iufupam
703 1921 821 2003 sugam
838 1919 924 1983 inire
942 1918 1166 2000 repentinam.

300 2076 352 2087 -
416 2042 447 2118 8,
465 2038 649 2116 mendicam,
702 2051 873 2127 egentem.
927 2042 995 2106 His
1011 2042 1063 2105 ita
1079 2042 1198 2125 gestis

473 2147 501 2201 et
516 2139 562 2201 sio

300 2307 351 2320 -
397 2267 448 2341 lo,
467 2263 578 2347 respit
703 2266 833 2348 recepit
849 2264 1036 2347 municipia
1050 2264 1280 2329 laetabundus.

301 2428 352 2442 -
396 2387 447 2463 16,
465 2394 494 2450 ot
703 2388 899 2454 Cornubiae.

300 2548 352 2560 -
396 2514 448 2588 18,
464 2510 500 2575 ia
514 2508 644 2573 auidiis
701 2512 738 2575 in
752 2512 962 2589 bostaribus,
978 2512 1121 2577 caballis
1135 2530 1274 2594 quoque
1287 2508 1324 2572 in
1333 2517 1408 2574 sta-

470 2630 654 2674 ...coacrc-
723 2612 826 2688 bulis,
860 2631 992 2676 necnon
1024 2612 1186 2693 gregibus
1216 2612 1253 2674 in
1282 2610 1406 2686 caulis,

465 2718 594 2773 morant
724 2711 882 2776 incendio
899 2711 1124 2776 tradiderunt.

302 2875 354 2886 —
397 2840 450 2916 29,
466 2837 519 2902 oa·
702 2835 956 2919 praenominati.

303 2965 380 3037 291,
419 2965 451 3038 2,
467 2968 602 3024 cremato
703 2966 979 3024 concremarunt.

304 3125 356 3138 -
420 3122 448 3136 -
472 3081 631 3145 radicitus·
703 3090 739 3146 et
763 3082 793 3144 si
815 3101 886 3165 qua
905 3089 988 3146 sunt
1004 3082 1141 3159 similia,
1164 3080 1330 3146 radicitus
1346 3101 1408 3146 ex-

436 3180 639 3266 loaeiirpoto
726 3181 925 3264 stirpantes.

305 3347 357 3358 -
402 3306 453 3377 11,
471 3305 541 3391 ipae
555 3325 635 3368 com·
703 3306 740 3370 in
758 3312 857 3388 parte
871 3305 1000 3369 favillae
1019 3303 1244 3368 tradiderunt.

470 3403 628 3492 iuuerunt

306 3532 380 3607 292,
419 3533 450 3608 4,
459 3530 552 3614 filias
568 3529 632 3614 oy'ac
704 3528 795 3592 filius
812 3527 888 3611 ejus
905 3535 966 3591 aut
983 3528 1271 3609 consanguineus.

305 3656 381 3729 293,
400 3657 451 3731 18,
467 3653 627 3718 Hibernia
707 3652 969 3717 Hibernienses.

463 3772 606 3835 proceres
620 3810 622 3814 ,

304 3912 355 3927 ...
400 3871 451 3949 26,
467 3871 634 3955 sepedicti
706 3867 798 3930 aridii
838 3867 964 3946 Paris,
1002 3870 1167 3934 violentia
1207 3871 1412 3953 proditiosa,

730 3968 894 4051 subrepto
919 3969 1033 4050 sigillo
1060 3970 1155 4051 regio
1178 3970 1222 4033 ab
1245 3969 1413 4051 Hugone,

730 4066 937 4133 cicestrensi
963 4069 1137 4151 episcopo,
1166 4076 1249 4132 tunc
1274 4072 1413 4135 cancel-

728 4166 828 4245 lario,
843 4188 914 4231 non
935 4168 1015 4231 huic
1032 4168 1145 4232 fraudi
1162 4169 1414 4235 consentiente.

306 4334 357 4344 -
402 4295 454 4370 31,
470 4292 620 4378 seriptum
706 4291 871 4374 scriptum
887 4292 1002 4374 sigillo
1017 4292 1113 4374 regio
1130 4291 1390 4357 communitum.

307 4418 381 4493 294,
420 4417 451 4493 4,
468 4415 644 4480 diuiserunt
707 4415 912 4494 dividentes,
934 4416 1116 4480 uitalibus
1136 4417 1258 4480 saltem
1274 4416 1413 4500 injuriis

727 4523 936 4598 provocatus
965 4535 1006 4578 ac
1026 4516 1207 4580 lacessitus
1227 4517 1264 4579 in
1282 4516 1412 4580 Hiber-

731 4615 823 4678 niam
842 4614 1092 4679 transfretaret.
