3384 5625
671 792 872 840 cncrronrs
895 793 1028 842 vnnrm.
1330 780 1395 845 231

345 974 588 1037 commoditate
618 975 793 1055 temporie,
823 974 961 1056 frugum
993 975 1189 1040 tardissima
1214 978 1396 1042 maturitas

345 1072 423 1149 fuit,
457 1073 544 1136 adeo
583 1080 623 1136 ut
656 1073 692 1134 in
732 1092 848 1136 mense
885 1074 1075 1139 Novembri
1107 1076 1168 1139 vix
1202 1074 1319 1158 fruges
1358 1077 1394 1140 in

346 1171 476 1235 horreis
501 1172 626 1255 raptim
649 1173 925 1237 reconderentur.
979 1175 1101 1238 Mense
1123 1194 1261 1257 quoqne
1282 1175 1305 1238 J
1308 1195 1395 1239 ann-

347 1272 408 1333 arii
442 1278 553 1335 turres
587 1278 622 1335 et
650 1273 807 1335 maceriae
841 1273 1074 1352 ecclesiarum,
1108 1294 1185 1337 cum
1216 1275 1395 1339 roboribus

347 1390 534 1447 nemorum,
568 1370 704 1434 turbine
737 1378 918 1436 ventorum
947 1373 1013 1436 sibi
1043 1374 1280 1438 dissidentium
1307 1392 1396 1455 prae-

346 1470 464 1551 cipitio
491 1476 716 1551 quaterentur
742 1477 777 1534 et
801 1479 949 1535 ruerent.
1001 1472 1208 1555 Eisdemque
1237 1473 1396 1556 tempori-

345 1570 410 1631 bus
440 1569 616 1646 LeolinuS,
650 1570 809 1651 princeps
839 1570 1053 1647 Norwalliae,
1084 1580 1120 1635 et
1148 1572 1287 1654 quidam
1320 1570 1392 1636 An-

347 1669 440 1749 glici,
471 1669 602 1732 scilicet
627 1668 736 1749 Hugo
764 1669 806 1732 de
840 1669 954 1752 Lascy
979 1679 1014 1734 θῖ
1042 1671 1117 1754 ejus
1147 1689 1324 1753 sequaces,
1359 1672 1395 1733 in

348 1768 463 1830 odium
480 1769 572 1848 regis
596 1768 660 1831 sibi
683 1768 908 1845 cohaerentes5
928 1776 963 1832 et
977 1769 1198 1850 desperantes
1213 1789 1257 1833 ex
1274 1771 1395 1833 arbore

348 1887 495 1949 nequam
519 1866 667 1930 fructum
692 1869 832 1942 bonum,
857 1868 975 1944 idest,
996 1888 1041 1931 ex
1059 1889 1141 1951 rege
1155 1869 1178 1932 J
1182 1870 1317 1933 ohanne
1331 1871 1393 1933 bo-

348 1986 428 2028 nnm
465 1966 634 2030 haeredem
667 1974 925 2048 proventurum,
960 1969 1087 2031 crebris
1117 1968 1393 2050 expeditionibus

348 2065 561 2129 Willelmum
588 2066 857 2129 Mareschallum
876 2068 911 2128 in
932 2066 1063 2150 primis,
1087 2067 1122 2129 id
1143 2075 1195 2131 est
1214 2068 1394 2144 seniorem,

347 2171 467 2245 postea
484 2172 599 2228 autem
613 2166 798 2248 juniorem,
816 2172 851 2228 et
868 2166 1034 2246 quosdam
1053 2165 1140 2229 alios
1157 2165 1286 2230 domini
1302 2166 1394 2246 regis

346 2265 504 2341 barones
519 2265 562 2328 ad
579 2265 786 2328 deditionem
805 2284 957 2346 premere
975 2266 1190 2328 conabantur
1205 2286 1213 2343 ;
1238 2264 1298 2329 sed
1321 2272 1396 2328 tota

346 2363 441 2443 regio
464 2371 585 2427 contra
609 2365 703 2446 ipsos
733 2364 777 2427 ad
807 2383 904 2427 arma
930 2364 1160 2441 excitabatur,
1186 2371 1221 2428 θῖ
1251 2366 1300 2427 sic
1328 2364 1396 2447 ipsi

347 2462 572 2526 irreverenter
598 2464 708 2526 coacti
739 2470 830 2537 sunt,
859 2465 978 2545 etqui
1004 2463 1086 2527 facti
1113 2471 1194 2527 sunt
1217 2463 1334 2527 hostes
1359 2464 1396 2525 in

346 2561 459 2644 capite
476 2574 680 2625 corruerunt
696 2570 882 2625 retrorsum
901 2562 938 2624 in
962 2581 1066 2625 manu
1087 2562 1250 2639 hostium,
1267 2563 1309 2625 de
1327 2580 1396 2643 qua

347 2680 416 2723 non
433 2667 620 2742 potuerunt
637 2661 797 2741 deinceps
814 2679 1003 2740 resurgere.

294 2800 351 2836 PAG.
386 2798 437 2838 HN·

294 2865 349 2938 94,
407 2863 437 2938 6,
441 2862 644 2947 parabuntur
689 2862 782 2926 addit
808 2861 935 2938 Paris,
961 2861 991 2925 0
1019 2863 1139 2925 innata
1163 2860 1397 2925 Pictaviensi-

714 2963 779 3025 bus
810 2961 979 3043 proditio!
1033 2961 1116 3024 Non
1144 2968 1225 3024 erat·
1249 2961 1309 3042 qui
1334 2980 1397 3042 op-

719 3067 862 3142 poneret
875 3079 912 3123 se
926 3061 969 3124 ad
982 3059 1212 3124 defensionem
1224 3061 1316 3140 regis
1325 3057 1397 3124 An-

718 3159 799 3240 gliae
809 3159 939 3222 domini
950 3160 1004 3221 sui
1016 3167 1143 3240 praeter
1155 3179 1261 3223 unum
1276 3160 1398 3236 civem,

718 3259 777 3338 qui
801 3264 923 3337 postea
951 3257 1182 3339 deprehensus
1208 3265 1261 3321 est
1284 3259 1396 3322 occul-

718 3363 811 3418 tasse
827 3355 963 3435 signum
982 3358 1074 3437 regis
1086 3355 1223 3436 Angliae
1235 3356 1293 3419 ubi
1310 3357 1395 3418 illud

717 3454 885 3536 proferret
899 3453 1083 3535 aliquando
1097 3461 1258 3517 revocato
1277 3454 1396 3517 eodem

717 3573 798 3634 rege
814 3553 965 3633 Angliae,
988 3553 1046 3633 qui
1069 3553 1172 3615 etiam
1197 3559 1319 3633 captus
1343 3560 1397 3616 est

717 3652 913 3734 proditione
930 3651 1120 3715 concivium
1135 3658 1170 3714 et
1184 3669 1372 3734 suspensus
1387 3671 1396 3729 ;

717 3753 820 3828 unde,
834 3753 917 3834 quia
930 3771 992 3833 pro
999 3751 1137 3834 justitia
1149 3751 1245 3827 obiit,
1260 3756 1397 3814 constat

717 3853 829 3933 ipsum
864 3858 1048 3932 martyrem
1079 3868 1153 3913 esse
1183 3849 1394 3929 gloriosum3

718 3951 817 4034 cujus
837 3950 940 4026 filine,
956 3949 1087 4012 scilicet
1099 3947 1305 4023 Willelmus,
1321 3967 1398 4028 pro-

720 4055 834 4110 motus
859 4057 911 4111 est
931 4048 1023 4128 apud
1046 4053 1204 4108 sanctum
1224 4043 1398 4108 Albanum

720 4147 764 4208 ad
780 4147 933 4226 regimen
949 4145 1102 4207 ecclesiae
1118 4143 1229 4205 sancti
1247 4142 1270 4205 J
1273 4143 1390 4205 uliani.

299 4276 352 4351 95,
395 4270 449 4349 17,
464 4271 620 4335 castellion
698 4268 880 4332 castellum
895 4266 1107 4348 praedictum.

299 4399 352 4474 96,
394 4399 448 4472 12,
463 4393 635 4458 occidodon
699 4392 790 4455 addit
812 4391 937 4466 Paris,
960 4391 1050 4453 inter
1071 4408 1158 4470 quos
1178 4388 1301 4452 cecidit
1322 4385 1400 4452 Gis-

467 4504 521 4557 tur
722 4491 808 4566 sard,
825 4489 924 4553 miles
942 4488 1100 4565 eximius,
1117 4489 1250 4570 spiculo
1264 4488 1400 4551 balistae

721 4607 916 4671 percussus.
