<?xml version="1.0" encoding="UTF-8"?>
<!DOCTYPE html PUBLIC "-//W3C//DTD XHTML 1.0 Transitional//EN"
    "http://www.w3.org/TR/xhtml1/DTD/xhtml1-transitional.dtd">
<html xmlns="http://www.w3.org/1999/xhtml" xml:lang="en" lang="en">
 <head>
  <title>
</title>
<meta http-equiv="Content-Type" content="text/html;charset=utf-8" />
  <meta name='ocr-system' content='tesseract 3.04.00' />
  <meta name='ocr-capabilities' content='ocr_page ocr_carea ocr_par ocr_line ocrx_word'/>
</head>
<body>
  <div class='ocr_page' id='page_1' title='image "./rogeridewendove00rogegoog_0151.png"; bbox 0 0 3384 5625; ppageno 0'>
   <div class='ocr_carea' id='block_1_1' title="bbox 632 775 1362 843">
    <p class='ocr_par' dir='ltr' id='par_1_1' title="bbox 632 775 1362 843">
     <span class='ocr_line' id='line_1_1' title="bbox 632 775 1362 843; baseline 0.001 -2"><span class='ocrx_word' id='word_1_1' title='bbox 632 794 832 843; x_wconf 76' lang='lat' dir='ltr'>nncrronns</span> <span class='ocrx_word' id='word_1_2' title='bbox 857 795 990 842; x_wconf 70' lang='lat' dir='ltr'>varin.</span> <span class='ocrx_word' id='word_1_3' title='bbox 1297 775 1362 842; x_wconf 75' lang='lat'>129</span> 
     </span>
    </p>
   </div>
   <div class='ocr_carea' id='block_1_2' title="bbox 252 922 398 961">
    <p class='ocr_par' dir='ltr' id='par_1_2' title="bbox 252 922 398 961">
     <span class='ocr_line' id='line_1_2' title="bbox 252 922 398 961; baseline 0 -3"><span class='ocrx_word' id='word_1_4' title='bbox 252 923 310 961; x_wconf 72' lang='lat' dir='ltr'>Plo.</span> <span class='ocrx_word' id='word_1_5' title='bbox 346 922 398 958; x_wconf 76' lang='lat' dir='ltr'>nrt.</span> 
     </span>
    </p>
   </div>
   <div class='ocr_carea' id='block_1_3' title="bbox 252 980 1237 1063">
    <p class='ocr_par' dir='ltr' id='par_1_3' title="bbox 252 980 1237 1063">
     <span class='ocr_line' id='line_1_3' title="bbox 252 980 1237 1063; baseline -0.004 -16"><span class='ocrx_word' id='word_1_6' title='bbox 252 988 306 1060; x_wconf 90' lang='lat'>89,</span> <span class='ocrx_word' id='word_1_7' title='bbox 346 986 401 1058; x_wconf 82' lang='lat'>26,</span> <span class='ocrx_word' id='word_1_8' title='bbox 417 983 533 1047; x_wconf 74' lang='lat' dir='ltr'>Eodem</span> <span class='ocrx_word' id='word_1_9' title='bbox 653 980 740 1043; x_wconf 82' lang='lat' dir='ltr'>This</span> <span class='ocrx_word' id='word_1_10' title='bbox 756 980 901 1063; x_wconf 84' lang='lat' dir='ltr'>chapter</span> <span class='ocrx_word' id='word_1_11' title='bbox 915 982 945 1044; x_wconf 93' lang='lat' dir='ltr'>is</span> <span class='ocrx_word' id='word_1_12' title='bbox 961 982 1119 1063; x_wconf 80' lang='lat' dir='ltr'>wanting</span> <span class='ocrx_word' id='word_1_13' title='bbox 1133 981 1169 1045; x_wconf 94' lang='lat' dir='ltr'>in</span> <span class='ocrx_word' id='word_1_14' title='bbox 1189 983 1237 1046; x_wconf 75' lang='lat' dir='ltr'>Ua.</span> 
     </span>
    </p>
   </div>
   <div class='ocr_carea' id='block_1_4' title="bbox 252 1098 1358 1285">
    <p class='ocr_par' dir='ltr' id='par_1_4' title="bbox 252 1098 1358 1285">
     <span class='ocr_line' id='line_1_4' title="bbox 252 1098 1358 1185; baseline -0.002 -14"><span class='ocrx_word' id='word_1_15' title='bbox 252 1144 303 1156; x_wconf 89' lang='lat'>—</span> <span class='ocrx_word' id='word_1_16' title='bbox 345 1143 397 1153; x_wconf 89' lang='lat'>—</span> <span class='ocrx_word' id='word_1_17' title='bbox 422 1098 583 1170; x_wconf 55' lang='lat' dir='ltr'>&amp;carious</span> <span class='ocrx_word' id='word_1_18' title='bbox 653 1105 820 1185; x_wconf 86' lang='lat' dir='ltr'>magister</span> <span class='ocrx_word' id='word_1_19' title='bbox 838 1103 1017 1169; x_wconf 83' lang='lat' dir='ltr'>Guarinus</span> <span class='ocrx_word' id='word_1_20' title='bbox 1032 1106 1179 1170; x_wconf 88' lang='lat' dir='ltr'>scientia</span> <span class='ocrx_word' id='word_1_21' title='bbox 1202 1113 1238 1169; x_wconf 92' lang='lat' dir='ltr'>et</span> <span class='ocrx_word' id='word_1_22' title='bbox 1255 1106 1358 1169; x_wconf 93' lang='lat' dir='ltr'>mori·</span> 
     </span>
     <span class='ocr_line' id='line_1_5' title="bbox 674 1203 933 1285; baseline 0 -19"><span class='ocrx_word' id='word_1_23' title='bbox 674 1203 740 1266; x_wconf 90' lang='lat' dir='ltr'>bus</span> <span class='ocrx_word' id='word_1_24' title='bbox 757 1204 933 1285; x_wconf 86' lang='lat' dir='ltr'>praeditus.</span> 
     </span>
    </p>
   </div>
   <div class='ocr_carea' id='block_1_5' title="bbox 250 1326 1356 1509">
    <p class='ocr_par' dir='ltr' id='par_1_5' title="bbox 250 1326 1356 1509">
     <span class='ocr_line' id='line_1_6' title="bbox 250 1326 1356 1409; baseline -0.003 -18"><span class='ocrx_word' id='word_1_25' title='bbox 250 1366 303 1377; x_wconf 95' lang='lat'>—</span> <span class='ocrx_word' id='word_1_26' title='bbox 346 1331 398 1406; x_wconf 80' lang='lat'>29,</span> <span class='ocrx_word' id='word_1_27' title='bbox 416 1329 574 1393; x_wconf 79' lang='lat' dir='ltr'>Jolaooer</span> <span class='ocrx_word' id='word_1_28' title='bbox 655 1327 822 1409; x_wconf 88' lang='lat' dir='ltr'>magister</span> <span class='ocrx_word' id='word_1_29' title='bbox 839 1326 1028 1404; x_wconf 72' lang='lat' dir='ltr'>tetraonas,</span> <span class='ocrx_word' id='word_1_30' title='bbox 1052 1328 1165 1392; x_wconf 89' lang='lat' dir='ltr'>dictus</span> <span class='ocrx_word' id='word_1_31' title='bbox 1185 1328 1228 1391; x_wconf 90' lang='lat' dir='ltr'>de</span> <span class='ocrx_word' id='word_1_32' title='bbox 1246 1326 1356 1404; x_wconf 85' lang='lat' dir='ltr'>Cella,</span> 
     </span>
     <span class='ocr_line' id='line_1_7' title="bbox 675 1427 1331 1509; baseline -0.002 -19"><span class='ocrx_word' id='word_1_33' title='bbox 675 1427 729 1490; x_wconf 85' lang='lat' dir='ltr'>vir</span> <span class='ocrx_word' id='word_1_34' title='bbox 744 1428 905 1490; x_wconf 84' lang='lat' dir='ltr'>maximae</span> <span class='ocrx_word' id='word_1_35' title='bbox 920 1427 1098 1509; x_wconf 83' lang='lat' dir='ltr'>religionis</span> <span class='ocrx_word' id='word_1_36' title='bbox 1113 1437 1149 1491; x_wconf 89' lang='lat' dir='ltr'>et</span> <span class='ocrx_word' id='word_1_37' title='bbox 1166 1428 1331 1491; x_wconf 86' lang='lat' dir='ltr'>scientiae.</span> 
     </span>
    </p>
   </div>
   <div class='ocr_carea' id='block_1_6' title="bbox 250 1550 1357 1729">
    <p class='ocr_par' dir='ltr' id='par_1_6' title="bbox 250 1550 1357 1729">
     <span class='ocr_line' id='line_1_8' title="bbox 250 1550 1357 1633; baseline -0.001 -18"><span class='ocrx_word' id='word_1_38' title='bbox 250 1553 304 1626; x_wconf 89' lang='lat'>90,</span> <span class='ocrx_word' id='word_1_39' title='bbox 367 1553 397 1627; x_wconf 89' lang='lat'>1,</span> <span class='ocrx_word' id='word_1_40' title='bbox 412 1552 576 1615; x_wconf 75' lang='lat' dir='ltr'>monachas</span> <span class='ocrx_word' id='word_1_41' title='bbox 651 1550 745 1613; x_wconf 80' lang='lat' dir='ltr'>addit</span> <span class='ocrx_word' id='word_1_42' title='bbox 767 1550 893 1628; x_wconf 79' lang='lat' dir='ltr'>Paris,</span> <span class='ocrx_word' id='word_1_43' title='bbox 915 1558 951 1615; x_wconf 91' lang='lat' dir='ltr'>et</span> <span class='ocrx_word' id='word_1_44' title='bbox 974 1552 1068 1633; x_wconf 90' lang='lat' dir='ltr'>prior</span> <span class='ocrx_word' id='word_1_45' title='bbox 1090 1552 1186 1616; x_wconf 87' lang='lat' dir='ltr'>cellae</span> <span class='ocrx_word' id='word_1_46' title='bbox 1212 1552 1255 1615; x_wconf 92' lang='lat' dir='ltr'>de</span> <span class='ocrx_word' id='word_1_47' title='bbox 1270 1552 1357 1616; x_wconf 90' lang='lat' dir='ltr'>Wa-</span> 
     </span>
     <span class='ocr_line' id='line_1_9' title="bbox 673 1650 854 1729; baseline 0.006 -17"><span class='ocrx_word' id='word_1_48' title='bbox 673 1650 854 1729; x_wconf 83' lang='lat' dir='ltr'>lingesord.</span> 
     </span>
    </p>
   </div>
   <div class='ocr_carea' id='block_1_7' title="bbox 249 1774 1357 2355">
    <p class='ocr_par' dir='ltr' id='par_1_7' title="bbox 249 1774 1357 2355">
     <span class='ocr_line' id='line_1_10' title="bbox 249 1774 1357 1858; baseline 0.004 -23"><span class='ocrx_word' id='word_1_49' title='bbox 249 1813 300 1823; x_wconf 95' lang='lat'><strong>—</strong></span> <span class='ocrx_word' id='word_1_50' title='bbox 367 1775 397 1848; x_wconf 77' lang='lat'>4,</span> <span class='ocrx_word' id='word_1_51' title='bbox 415 1774 533 1858; x_wconf 78' lang='lat' dir='ltr'>occepit</span> <span class='ocrx_word' id='word_1_52' title='bbox 651 1774 745 1837; x_wconf 79' lang='lat' dir='ltr'>addit</span> <span class='ocrx_word' id='word_1_53' title='bbox 777 1775 902 1853; x_wconf 83' lang='lat' dir='ltr'>Paris,</span> <span class='ocrx_word' id='word_1_54' title='bbox 935 1776 1007 1840; x_wconf 91' lang='lat' dir='ltr'>Sub</span> <span class='ocrx_word' id='word_1_55' title='bbox 1045 1775 1165 1839; x_wconf 89' lang='lat' dir='ltr'>eodem</span> <span class='ocrx_word' id='word_1_56' title='bbox 1203 1783 1357 1858; x_wconf 88' lang='lat' dir='ltr'>tempore</span> 
     </span>
     <span class='ocr_line' id='line_1_11' title="bbox 675 1874 1355 1957; baseline 0.004 -22"><span class='ocrx_word' id='word_1_57' title='bbox 675 1875 768 1955; x_wconf 92' lang='lat' dir='ltr'>prior</span> <span class='ocrx_word' id='word_1_58' title='bbox 793 1874 975 1957; x_wconf 87' lang='lat' dir='ltr'>hospitalis</span> <span class='ocrx_word' id='word_1_59' title='bbox 1002 1875 1223 1939; x_wconf 83' lang='lat' dir='ltr'>Hierusalem</span> <span class='ocrx_word' id='word_1_60' title='bbox 1243 1875 1355 1939; x_wconf 86' lang='lat' dir='ltr'>factus</span> 
     </span>
     <span class='ocr_line' id='line_1_12' title="bbox 674 1974 1355 2057; baseline 0.003 -22"><span class='ocrx_word' id='word_1_61' title='bbox 674 1980 727 2037; x_wconf 90' lang='lat' dir='ltr'>est</span> <span class='ocrx_word' id='word_1_62' title='bbox 744 1974 925 2057; x_wconf 89' lang='lat' dir='ltr'>episcopus</span> <span class='ocrx_word' id='word_1_63' title='bbox 943 1976 985 2039; x_wconf 93' lang='lat' dir='ltr'>de</span> <span class='ocrx_word' id='word_1_64' title='bbox 1002 1976 1154 2057; x_wconf 92' lang='lat' dir='ltr'>Bangor.</span> <span class='ocrx_word' id='word_1_65' title='bbox 1207 1976 1355 2039; x_wconf 89' lang='lat' dir='ltr'>Eodem·</span> 
     </span>
     <span class='ocr_line' id='line_1_13' title="bbox 674 2075 1353 2156; baseline 0.001 -20"><span class='ocrx_word' id='word_1_66' title='bbox 674 2093 741 2154; x_wconf 92' lang='lat' dir='ltr'>que</span> <span class='ocrx_word' id='word_1_67' title='bbox 772 2092 863 2138; x_wconf 88' lang='lat' dir='ltr'>anno</span> <span class='ocrx_word' id='word_1_68' title='bbox 895 2076 979 2139; x_wconf 89' lang='lat' dir='ltr'>obiit</span> <span class='ocrx_word' id='word_1_69' title='bbox 1015 2075 1197 2156; x_wconf 56' lang='lat' dir='ltr'>Hugo„de</span> <span class='ocrx_word' id='word_1_70' title='bbox 1230 2075 1353 2149; x_wconf 87' lang='lat' dir='ltr'>Pusaz‚</span> 
     </span>
     <span class='ocr_line' id='line_1_14' title="bbox 673 2174 1354 2255; baseline 0.003 -19"><span class='ocrx_word' id='word_1_71' title='bbox 673 2174 856 2255; x_wconf 85' lang='lat' dir='ltr'>episcopus</span> <span class='ocrx_word' id='word_1_72' title='bbox 886 2174 1141 2251; x_wconf 90' lang='lat' dir='ltr'>Dunelmensis,</span> <span class='ocrx_word' id='word_1_73' title='bbox 1166 2182 1202 2238; x_wconf 91' lang='lat' dir='ltr'>et</span> <span class='ocrx_word' id='word_1_74' title='bbox 1229 2174 1354 2238; x_wconf 88' lang='lat' dir='ltr'>Henri-</span> 
     </span>
     <span class='ocr_line' id='line_1_15' title="bbox 672 2273 1203 2355; baseline 0.009 -22"><span class='ocrx_word' id='word_1_75' title='bbox 672 2291 734 2334; x_wconf 91' lang='lat' dir='ltr'>cus</span> <span class='ocrx_word' id='word_1_76' title='bbox 751 2273 934 2355; x_wconf 85' lang='lat' dir='ltr'>episcopus</span> <span class='ocrx_word' id='word_1_77' title='bbox 951 2274 1203 2355; x_wconf 79' lang='lat' dir='ltr'>wigornensis,</span> 
     </span>
    </p>
   </div>
   <div class='ocr_carea' id='block_1_8' title="bbox 249 2393 949 2481">
    <p class='ocr_par' dir='ltr' id='par_1_8' title="bbox 249 2393 949 2481">
     <span class='ocr_line' id='line_1_16' title="bbox 249 2393 949 2481; baseline 0.014 -28"><span class='ocrx_word' id='word_1_78' title='bbox 249 2436 300 2453; x_wconf 76' lang='grc'>-,</span> <span class='ocrx_word' id='word_1_79' title='bbox 344 2396 396 2470; x_wconf 82' lang='lat'>32,</span> <span class='ocrx_word' id='word_1_80' title='bbox 412 2393 465 2457; x_wconf 84' lang='lat' dir='ltr'>Eo</span> <span class='ocrx_word' id='word_1_81' title='bbox 652 2396 783 2461; x_wconf 88' lang='lat' dir='ltr'>Eadem</span> <span class='ocrx_word' id='word_1_82' title='bbox 801 2418 949 2481; x_wconf 84' lang='lat' dir='ltr'>quoque.</span> 
     </span>
    </p>
   </div>
   <div class='ocr_carea' id='block_1_9' title="bbox 249 2515 1429 4668">
    <p class='ocr_par' dir='ltr' id='par_1_9' title="bbox 249 2515 1429 3998">
     <span class='ocr_line' id='line_1_17' title="bbox 249 2515 1353 2605; baseline 0.004 -23"><span class='ocrx_word' id='word_1_83' title='bbox 249 2520 302 2594; x_wconf 79' lang='lat'>92,</span> <span class='ocrx_word' id='word_1_84' title='bbox 344 2515 396 2596; x_wconf 82' lang='lat'>37,</span> <span class='ocrx_word' id='word_1_85' title='bbox 415 2527 571 2581; x_wconf 75' lang='lat' dir='ltr'>transmo-</span> <span class='ocrx_word' id='word_1_86' title='bbox 651 2520 740 2584; x_wconf 90' lang='lat' dir='ltr'>Cum</span> <span class='ocrx_word' id='word_1_87' title='bbox 765 2521 839 2586; x_wconf 80' lang='lat' dir='ltr'>haec</span> <span class='ocrx_word' id='word_1_88' title='bbox 868 2531 983 2587; x_wconf 89' lang='lat' dir='ltr'>autem</span> <span class='ocrx_word' id='word_1_89' title='bbox 1006 2524 1048 2585; x_wconf 91' lang='lat' dir='ltr'>ad</span> <span class='ocrx_word' id='word_1_90' title='bbox 1077 2524 1168 2605; x_wconf 89' lang='lat' dir='ltr'>regis</span> <span class='ocrx_word' id='word_1_91' title='bbox 1195 2524 1353 2586; x_wconf 84' lang='lat' dir='ltr'>notitiam</span> 
     </span>
     <span class='ocr_line' id='line_1_18' title="bbox 413 2616 1353 2703; baseline 0.007 -24"><span class='ocrx_word' id='word_1_92' title='bbox 413 2616 520 2680; x_wconf 69' lang='lat' dir='ltr'>ripam</span> <span class='ocrx_word' id='word_1_93' title='bbox 673 2622 922 2702; x_wconf 90' lang='lat' dir='ltr'>pervenissent,</span> <span class='ocrx_word' id='word_1_94' title='bbox 955 2622 1029 2703; x_wconf 91' lang='lat' dir='ltr'>ipse</span> <span class='ocrx_word' id='word_1_95' title='bbox 1062 2629 1223 2703; x_wconf 89' lang='lat' dir='ltr'>prompta</span> <span class='ocrx_word' id='word_1_96' title='bbox 1248 2622 1353 2686; x_wconf 91' lang='lat' dir='ltr'>devo·</span> 
     </span>
     <span class='ocr_line' id='line_1_19' title="bbox 674 2720 1354 2784; baseline 0 -1"><span class='ocrx_word' id='word_1_97' title='bbox 674 2721 768 2783; x_wconf 88' lang='lat' dir='ltr'>tione</span> <span class='ocrx_word' id='word_1_98' title='bbox 794 2721 968 2784; x_wconf 91' lang='lat' dir='ltr'>animatus</span> <span class='ocrx_word' id='word_1_99' title='bbox 998 2720 1086 2783; x_wconf 86' lang='lat' dir='ltr'>alios</span> <span class='ocrx_word' id='word_1_100' title='bbox 1119 2729 1278 2783; x_wconf 91' lang='lat' dir='ltr'>strenuos</span> <span class='ocrx_word' id='word_1_101' title='bbox 1309 2720 1354 2783; x_wconf 88' lang='lat' dir='ltr'>ad</span> 
     </span>
     <span class='ocr_line' id='line_1_20' title="bbox 673 2821 1354 2902; baseline -0.003 -18"><span class='ocrx_word' id='word_1_102' title='bbox 673 2840 761 2902; x_wconf 92' lang='lat' dir='ltr'>opus</span> <span class='ocrx_word' id='word_1_103' title='bbox 788 2821 911 2896; x_wconf 74' lang='lat' dir='ltr'>crueiS,</span> <span class='ocrx_word' id='word_1_104' title='bbox 943 2821 1093 2884; x_wconf 90' lang='lat' dir='ltr'>maxime</span> <span class='ocrx_word' id='word_1_105' title='bbox 1124 2839 1211 2901; x_wconf 91' lang='lat' dir='ltr'>quos</span> <span class='ocrx_word' id='word_1_106' title='bbox 1239 2821 1354 2884; x_wconf 90' lang='lat' dir='ltr'>multi-</span> 
     </span>
     <span class='ocr_line' id='line_1_21' title="bbox 672 2919 1354 3002; baseline 0 -20"><span class='ocrx_word' id='word_1_107' title='bbox 672 2920 808 3002; x_wconf 88' lang='lat' dir='ltr'>pliciter</span> <span class='ocrx_word' id='word_1_108' title='bbox 835 2920 1065 2996; x_wconf 85' lang='lat' dir='ltr'>exaltaverat,</span> <span class='ocrx_word' id='word_1_109' title='bbox 1096 2919 1256 2983; x_wconf 89' lang='lat' dir='ltr'>alacriter</span> <span class='ocrx_word' id='word_1_110' title='bbox 1280 2921 1354 2982; x_wconf 90' lang='lat' dir='ltr'>ani·</span> 
     </span>
     <span class='ocr_line' id='line_1_22' title="bbox 672 3012 1429 3103; baseline 0 -20"><span class='ocrx_word' id='word_1_111' title='bbox 672 3022 801 3098; x_wconf 86' lang='lat' dir='ltr'>mahat,</span> <span class='ocrx_word' id='word_1_112' title='bbox 843 3020 1058 3103; x_wconf 87' lang='lat' dir='ltr'>persuadens</span> <span class='ocrx_word' id='word_1_113' title='bbox 1102 3026 1141 3082; x_wconf 90' lang='lat' dir='ltr'>ut</span> <span class='ocrx_word' id='word_1_114' title='bbox 1176 3027 1247 3083; x_wconf 87' lang='lat' dir='ltr'>tam</span> <span class='ocrx_word' id='word_1_115' title='bbox 1291 3039 1354 3101; x_wconf 93' lang='lat' dir='ltr'>pro</span> <span class='ocrx_word' id='word_1_116' title='bbox 1418 3012 1429 3073; x_wconf 72' lang='grc'>’-</span> 
     </span>
     <span class='ocr_line' id='line_1_23' title="bbox 672 3120 1352 3202; baseline 0 -20"><span class='ocrx_word' id='word_1_117' title='bbox 672 3120 782 3202; x_wconf 88' lang='lat' dir='ltr'>ipsius</span> <span class='ocrx_word' id='word_1_118' title='bbox 802 3121 894 3201; x_wconf 87' lang='lat' dir='ltr'>regis</span> <span class='ocrx_word' id='word_1_119' title='bbox 916 3120 1041 3195; x_wconf 86' lang='lat' dir='ltr'>salute,</span> <span class='ocrx_word' id='word_1_120' title='bbox 1067 3139 1171 3202; x_wconf 92' lang='lat' dir='ltr'>quam</span> <span class='ocrx_word' id='word_1_121' title='bbox 1199 3120 1352 3183; x_wconf 77' lang='lat' dir='ltr'>ecclesiae</span> 
     </span>
     <span class='ocr_line' id='line_1_24' title="bbox 672 3219 1353 3301; baseline 0 -20"><span class='ocrx_word' id='word_1_122' title='bbox 672 3219 887 3301; x_wconf 90' lang='lat' dir='ltr'>promotione</span> <span class='ocrx_word' id='word_1_123' title='bbox 913 3226 948 3283; x_wconf 92' lang='lat' dir='ltr'>et</span> <span class='ocrx_word' id='word_1_124' title='bbox 974 3220 1189 3301; x_wconf 90' lang='lat' dir='ltr'>propriarum</span> <span class='ocrx_word' id='word_1_125' title='bbox 1220 3220 1353 3282; x_wconf 90' lang='lat' dir='ltr'>anima·</span> 
     </span>
     <span class='ocr_line' id='line_1_25' title="bbox 672 3318 1352 3399; baseline 0 -19"><span class='ocrx_word' id='word_1_126' title='bbox 672 3338 749 3381; x_wconf 92' lang='lat' dir='ltr'>rum</span> <span class='ocrx_word' id='word_1_127' title='bbox 771 3319 897 3392; x_wconf 86' lang='lat' dir='ltr'>salute,</span> <span class='ocrx_word' id='word_1_128' title='bbox 919 3319 963 3381; x_wconf 91' lang='lat' dir='ltr'>ad</span> <span class='ocrx_word' id='word_1_129' title='bbox 982 3319 1132 3381; x_wconf 91' lang='lat' dir='ltr'>laborem</span> <span class='ocrx_word' id='word_1_130' title='bbox 1149 3318 1352 3399; x_wconf 86' lang='lat' dir='ltr'>praedictum</span> 
     </span>
     <span class='ocr_line' id='line_1_26' title="bbox 670 3417 1353 3499; baseline -0.004 -18"><span class='ocrx_word' id='word_1_131' title='bbox 670 3418 806 3498; x_wconf 83' lang='lat' dir='ltr'>accingi</span> <span class='ocrx_word' id='word_1_132' title='bbox 821 3436 890 3480; x_wconf 92' lang='lat' dir='ltr'>non</span> <span class='ocrx_word' id='word_1_133' title='bbox 904 3417 1124 3499; x_wconf 89' lang='lat' dir='ltr'>pigritarent;</span> <span class='ocrx_word' id='word_1_134' title='bbox 1144 3424 1190 3492; x_wconf 89' lang='lat' dir='ltr'>et,</span> <span class='ocrx_word' id='word_1_135' title='bbox 1202 3424 1353 3497; x_wconf 92' lang='lat' dir='ltr'>utquos-</span> 
     </span>
     <span class='ocr_line' id='line_1_27' title="bbox 671 3502 1353 3580; baseline -0.003 0"><span class='ocrx_word' id='word_1_136' title='bbox 671 3502 753 3580; x_wconf 91' lang='lat' dir='ltr'>dam</span> <span class='ocrx_word' id='word_1_137' title='bbox 783 3517 863 3580; x_wconf 91' lang='lat' dir='ltr'>huic</span> <span class='ocrx_word' id='word_1_138' title='bbox 895 3516 1023 3579; x_wconf 89' lang='lat' dir='ltr'>salubri</span> <span class='ocrx_word' id='word_1_139' title='bbox 1052 3514 1277 3579; x_wconf 84' lang='lat' dir='ltr'>admonitioni</span> <span class='ocrx_word' id='word_1_140' title='bbox 1302 3535 1353 3578; x_wconf 89' lang='lat' dir='ltr'>re·</span> 
     </span>
     <span class='ocr_line' id='line_1_28' title="bbox 671 3615 1354 3699; baseline -0.006 -18"><span class='ocrx_word' id='word_1_141' title='bbox 671 3618 777 3681; x_wconf 88' lang='lat' dir='ltr'>belles</span> <span class='ocrx_word' id='word_1_142' title='bbox 802 3616 938 3681; x_wconf 87' lang='lat' dir='ltr'>civilius</span> <span class='ocrx_word' id='word_1_143' title='bbox 965 3615 1241 3699; x_wconf 87' lang='lat' dir='ltr'>reprehenderet,</span> <span class='ocrx_word' id='word_1_144' title='bbox 1265 3634 1354 3697; x_wconf 73' lang='lat' dir='ltr'>prtu-</span> 
     </span>
     <span class='ocr_line' id='line_1_29' title="bbox 671 3714 1352 3782; baseline -0.006 -1"><span class='ocrx_word' id='word_1_145' title='bbox 671 3717 834 3782; x_wconf 88' lang='lat' dir='ltr'>dicatoris</span> <span class='ocrx_word' id='word_1_146' title='bbox 855 3717 998 3781; x_wconf 83' lang='lat' dir='ltr'>sormam</span> <span class='ocrx_word' id='word_1_147' title='bbox 1019 3715 1164 3779; x_wconf 90' lang='lat' dir='ltr'>induens</span> <span class='ocrx_word' id='word_1_148' title='bbox 1184 3715 1271 3779; x_wconf 89' lang='lat' dir='ltr'>hanc</span> <span class='ocrx_word' id='word_1_149' title='bbox 1288 3714 1352 3777; x_wconf 88' lang='lat' dir='ltr'>fre-</span> 
     </span>
     <span class='ocr_line' id='line_1_30' title="bbox 632 3815 1352 3899; baseline 0 -21"><span class='ocrx_word' id='word_1_150' title='bbox 632 3840 634 3842; x_wconf 92' lang='lat'>·</span> <span class='ocrx_word' id='word_1_151' title='bbox 671 3825 816 3897; x_wconf 85' lang='lat' dir='ltr'>quanter</span> <span class='ocrx_word' id='word_1_152' title='bbox 846 3817 1046 3899; x_wconf 88' lang='lat' dir='ltr'>parabolam</span> <span class='ocrx_word' id='word_1_153' title='bbox 1083 3815 1352 3879; x_wconf 88' lang='lat' dir='ltr'>circumsidenti-</span> 
     </span>
     <span class='ocr_line' id='line_1_31' title="bbox 651 3916 941 3998; baseline 0 -19"><span class='ocrx_word' id='word_1_154' title='bbox 651 3939 654 3943; x_wconf 91' lang='lat'>·</span> <span class='ocrx_word' id='word_1_155' title='bbox 670 3916 736 3979; x_wconf 90' lang='lat' dir='ltr'>bus</span> <span class='ocrx_word' id='word_1_156' title='bbox 749 3916 941 3998; x_wconf 84' lang='lat' dir='ltr'>replicavit.</span> 
     </span>
    </p>

    <p class='ocr_par' dir='ltr' id='par_1_10' title="bbox 670 4012 1353 4592">
     <span class='ocr_line' id='line_1_32' title="bbox 721 4012 1353 4095; baseline -0.002 -18"><span class='ocrx_word' id='word_1_157' title='bbox 721 4014 821 4078; x_wconf 82' lang='lat' dir='ltr'>Tunc</span> <span class='ocrx_word' id='word_1_158' title='bbox 840 4034 922 4077; x_wconf 88' lang='lat' dir='ltr'>vero</span> <span class='ocrx_word' id='word_1_159' title='bbox 951 4013 1113 4095; x_wconf 90' lang='lat' dir='ltr'>temporis</span> <span class='ocrx_word' id='word_1_160' title='bbox 1135 4012 1280 4092; x_wconf 89' lang='lat' dir='ltr'>contigit</span> <span class='ocrx_word' id='word_1_161' title='bbox 1310 4013 1353 4076; x_wconf 88' lang='lat' dir='ltr'>de</span> 
     </span>
     <span class='ocr_line' id='line_1_33' title="bbox 672 4110 1353 4194; baseline 0 -20"><span class='ocrx_word' id='word_1_162' title='bbox 672 4113 820 4194; x_wconf 91' lang='lat' dir='ltr'>quodam</span> <span class='ocrx_word' id='word_1_163' title='bbox 846 4114 922 4175; x_wconf 91' lang='lat' dir='ltr'>cive</span> <span class='ocrx_word' id='word_1_164' title='bbox 936 4112 1084 4188; x_wconf 87' lang='lat' dir='ltr'>Veneto,</span> <span class='ocrx_word' id='word_1_165' title='bbox 1103 4111 1210 4175; x_wconf 90' lang='lat' dir='ltr'>divite</span> <span class='ocrx_word' id='word_1_166' title='bbox 1222 4110 1353 4174; x_wconf 87' lang='lat' dir='ltr'>scilicet</span> 
     </span>
     <span class='ocr_line' id='line_1_34' title="bbox 671 4211 1351 4291; baseline -0.007 -14"><span class='ocrx_word' id='word_1_167' title='bbox 671 4220 707 4276; x_wconf 93' lang='lat' dir='ltr'>et</span> <span class='ocrx_word' id='word_1_168' title='bbox 740 4230 859 4287; x_wconf 87' lang='lat' dir='ltr'>avaro,</span> <span class='ocrx_word' id='word_1_169' title='bbox 891 4211 1052 4291; x_wconf 89' lang='lat' dir='ltr'>quiddam</span> <span class='ocrx_word' id='word_1_170' title='bbox 1086 4211 1196 4275; x_wconf 87' lang='lat' dir='ltr'>relatu</span> <span class='ocrx_word' id='word_1_171' title='bbox 1224 4211 1351 4290; x_wconf 89' lang='lat' dir='ltr'>dignis-</span> 
     </span>
     <span class='ocr_line' id='line_1_35' title="bbox 670 4309 1352 4393; baseline -0.003 -19"><span class='ocrx_word' id='word_1_172' title='bbox 670 4313 808 4388; x_wconf 88' lang='lat' dir='ltr'>simum,</span> <span class='ocrx_word' id='word_1_173' title='bbox 840 4310 931 4392; x_wconf 89' lang='lat' dir='ltr'>quod</span> <span class='ocrx_word' id='word_1_174' title='bbox 966 4316 1107 4393; x_wconf 89' lang='lat' dir='ltr'>propter</span> <span class='ocrx_word' id='word_1_175' title='bbox 1136 4309 1352 4390; x_wconf 83' lang='lat' dir='ltr'>ingratorum</span> 
     </span>
     <span class='ocr_line' id='line_1_36' title="bbox 672 4409 1350 4493; baseline -0.003 -21"><span class='ocrx_word' id='word_1_176' title='bbox 672 4410 927 4473; x_wconf 91' lang='lat' dir='ltr'>multitudinem</span> <span class='ocrx_word' id='word_1_177' title='bbox 945 4410 1025 4475; x_wconf 89' lang='lat' dir='ltr'>huic</span> <span class='ocrx_word' id='word_1_178' title='bbox 1038 4410 1174 4493; x_wconf 87' lang='lat' dir='ltr'>paginae</span> <span class='ocrx_word' id='word_1_179' title='bbox 1187 4409 1350 4472; x_wconf 87' lang='lat' dir='ltr'>duximus</span> 
     </span>
     <span class='ocr_line' id='line_1_37' title="bbox 672 4508 1351 4592; baseline -0.001 -20"><span class='ocrx_word' id='word_1_180' title='bbox 672 4510 903 4573; x_wconf 87' lang='lat' dir='ltr'>inserendum.</span> <span class='ocrx_word' id='word_1_181' title='bbox 947 4508 1043 4575; x_wconf 84' lang='lat' dir='ltr'>civis</span> <span class='ocrx_word' id='word_1_182' title='bbox 1058 4511 1165 4592; x_wconf 90' lang='lat' dir='ltr'>igitur</span> <span class='ocrx_word' id='word_1_183' title='bbox 1182 4528 1351 4573; x_wconf 90' lang='lat' dir='ltr'>memora·</span> 
     </span>
    </p>

    <p class='ocr_par' dir='ltr' id='par_1_11' title="bbox 1176 4625 1199 4668">
     <span class='ocr_line' id='line_1_38' title="bbox 1176 4625 1199 4668; baseline 0 0"><span class='ocrx_word' id='word_1_184' title='bbox 1176 4625 1199 4668; x_wconf 79' lang='lat' dir='ltr'>n</span> 
     </span>
    </p>
   </div>
   <div class='ocr_carea' id='block_1_10' title="bbox 0 0 1696 5625">
    <p class='ocr_par' dir='ltr' id='par_1_12' title="bbox 0 0 1696 5625">
     <span class='ocr_line' id='line_1_39' title="bbox 0 0 1696 5625; baseline 0 2"><span class='ocrx_word' id='word_1_185' title='bbox 0 0 1696 5625; x_wconf 95' lang='lat' dir='ltr'> </span> 
     </span>
    </p>
   </div>
  </div>
 </body>
</html>
