<?xml version="1.0" encoding="UTF-8"?>
<!DOCTYPE html PUBLIC "-//W3C//DTD XHTML 1.0 Transitional//EN"
    "http://www.w3.org/TR/xhtml1/DTD/xhtml1-transitional.dtd">
<html xmlns="http://www.w3.org/1999/xhtml" xml:lang="en" lang="en">
 <head>
  <title>
</title>
<meta http-equiv="Content-Type" content="text/html;charset=utf-8" />
  <meta name='ocr-system' content='tesseract 3.04.00' />
  <meta name='ocr-capabilities' content='ocr_page ocr_carea ocr_par ocr_line ocrx_word'/>
</head>
<body>
  <div class='ocr_page' id='page_1' title='image "./rogeridewendove00rogegoog_0187.png"; bbox 0 0 3384 5625; ppageno 0'>
   <div class='ocr_carea' id='block_1_1' title="bbox 671 764 1401 829">
    <p class='ocr_par' dir='ltr' id='par_1_1' title="bbox 671 764 1401 829">
     <span class='ocr_line' id='line_1_1' title="bbox 671 764 1401 829; baseline 0.003 -4"><span class='ocrx_word' id='word_1_1' title='bbox 671 778 873 826; x_wconf 80' lang='lat' dir='ltr'><strong>nncrrouns</strong></span> <span class='ocrx_word' id='word_1_2' title='bbox 896 779 1030 829; x_wconf 72' lang='lat' dir='ltr'><strong>varin.</strong></span> <span class='ocrx_word' id='word_1_3' title='bbox 1335 764 1401 827; x_wconf 80' lang='grc'><strong>165</strong></span> 
     </span>
    </p>
   </div>
   <div class='ocr_carea' id='block_1_2' title="bbox 295 900 1399 1048">
    <p class='ocr_par' dir='ltr' id='par_1_2' title="bbox 295 900 1399 1048">
     <span class='ocr_line' id='line_1_2' title="bbox 295 900 1399 1048; baseline 0.004 -23"><span class='ocrx_word' id='word_1_4' title='bbox 295 900 370 1038; x_wconf 57' lang='grc'><strong>2777,</strong></span> <span class='ocrx_word' id='word_1_5' title='bbox 385 900 440 1038; x_wconf 49' lang='lat' dir='ltr'><strong>gg,</strong></span> <span class='ocrx_word' id='word_1_6' title='bbox 458 962 579 1027; x_wconf 75' lang='lat' dir='ltr'><strong>domini</strong></span> <span class='ocrx_word' id='word_1_7' title='bbox 596 1013 603 1026; x_wconf 92' lang='lat'><strong>.</strong></span> <span class='ocrx_word' id='word_1_8' title='bbox 618 1011 645 1026; x_wconf 88' lang='lat'><strong>..</strong></span> <span class='ocrx_word' id='word_1_9' title='bbox 697 962 907 1045; x_wconf 85' lang='lat' dir='ltr'><strong>Pandulphi,</strong></span> <span class='ocrx_word' id='word_1_10' title='bbox 937 966 967 1028; x_wconf 93' lang='lat' dir='ltr'><strong>si</strong></span> <span class='ocrx_word' id='word_1_11' title='bbox 996 985 1112 1030; x_wconf 89' lang='lat' dir='ltr'><strong>coram</strong></span> <span class='ocrx_word' id='word_1_12' title='bbox 1138 966 1277 1030; x_wconf 91' lang='lat' dir='ltr'><strong>domino</strong></span> <span class='ocrx_word' id='word_1_13' title='bbox 1306 984 1399 1048; x_wconf 85' lang='lat' dir='ltr'><strong>papa</strong></span> 
     </span>
    </p>
   </div>
   <div class='ocr_carea' id='block_1_3' title="bbox 461 1083 807 1127">
    <p class='ocr_par' dir='ltr' id='par_1_3' title="bbox 461 1083 807 1127">
     <span class='ocr_line' id='line_1_3' title="bbox 461 1083 807 1127; baseline 0.003 -1"><span class='ocrx_word' id='word_1_14' title='bbox 461 1084 521 1126; x_wconf 75' lang='grc'><strong>8886</strong></span> <span class='ocrx_word' id='word_1_15' title='bbox 720 1083 807 1127; x_wconf 75' lang='lat' dir='ltr'><strong>esse.</strong></span> 
     </span>
    </p>
   </div>
   <div class='ocr_carea' id='block_1_4' title="bbox 294 1186 1399 1984">
    <p class='ocr_par' dir='ltr' id='par_1_4' title="bbox 294 1186 1399 1649">
     <span class='ocr_line' id='line_1_4' title="bbox 294 1186 1397 1272; baseline 0.003 -24"><span class='ocrx_word' id='word_1_16' title='bbox 294 1187 369 1262; x_wconf 84' lang='grc'><strong>255,</strong></span> <span class='ocrx_word' id='word_1_17' title='bbox 387 1188 438 1263; x_wconf 91' lang='grc'><strong>21,</strong></span> <span class='ocrx_word' id='word_1_18' title='bbox 454 1188 647 1272; x_wconf 77' lang='lat' dir='ltr'><strong>supradictis</strong></span> <span class='ocrx_word' id='word_1_19' title='bbox 696 1187 789 1251; x_wconf 81' lang='lat' dir='ltr'><strong><em>addit</em></strong></span> <span class='ocrx_word' id='word_1_20' title='bbox 807 1186 932 1264; x_wconf 85' lang='lat' dir='ltr'><strong>Paris,</strong></span> <span class='ocrx_word' id='word_1_21' title='bbox 954 1188 1182 1271; x_wconf 89' lang='lat' dir='ltr'><strong>Pandulphus</strong></span> <span class='ocrx_word' id='word_1_22' title='bbox 1205 1198 1320 1253; x_wconf 88' lang='lat' dir='ltr'><strong>autem</strong></span> <span class='ocrx_word' id='word_1_23' title='bbox 1337 1208 1397 1271; x_wconf 93' lang='lat' dir='ltr'><strong>pe-</strong></span> 
     </span>
     <span class='ocr_line' id='line_1_5' title="bbox 718 1287 1397 1371; baseline 0.003 -22"><span class='ocrx_word' id='word_1_24' title='bbox 718 1287 869 1364; x_wconf 88' lang='lat' dir='ltr'><strong>cuniam,</strong></span> <span class='ocrx_word' id='word_1_25' title='bbox 894 1307 998 1369; x_wconf 88' lang='lat' dir='ltr'><strong>quam</strong></span> <span class='ocrx_word' id='word_1_26' title='bbox 1030 1290 1065 1352; x_wconf 92' lang='lat' dir='ltr'><strong>in</strong></span> <span class='ocrx_word' id='word_1_27' title='bbox 1099 1289 1235 1352; x_wconf 85' lang='lat' dir='ltr'><strong>arrham</strong></span> <span class='ocrx_word' id='word_1_28' title='bbox 1262 1289 1397 1371; x_wconf 88' lang='lat' dir='ltr'><strong>subjec-</strong></span> 
     </span>
     <span class='ocr_line' id='line_1_6' title="bbox 719 1387 1397 1472; baseline 0.003 -23"><span class='ocrx_word' id='word_1_29' title='bbox 719 1387 823 1449; x_wconf 89' lang='lat' dir='ltr'><strong>tionis</strong></span> <span class='ocrx_word' id='word_1_30' title='bbox 839 1406 903 1449; x_wconf 83' lang='lat' dir='ltr'><strong>rex</strong></span> <span class='ocrx_word' id='word_1_31' title='bbox 919 1390 1125 1466; x_wconf 83' lang='lat' dir='ltr'><strong>contulerat,</strong></span> <span class='ocrx_word' id='word_1_32' title='bbox 1141 1391 1205 1452; x_wconf 88' lang='lat' dir='ltr'><strong>sub</strong></span> <span class='ocrx_word' id='word_1_33' title='bbox 1227 1388 1314 1472; x_wconf 92' lang='lat' dir='ltr'><strong>pede</strong></span> <span class='ocrx_word' id='word_1_34' title='bbox 1334 1408 1397 1451; x_wconf 91' lang='lat' dir='ltr'><strong>suo</strong></span> 
     </span>
     <span class='ocr_line' id='line_1_7' title="bbox 718 1485 1399 1570; baseline 0.004 -23"><span class='ocrx_word' id='word_1_35' title='bbox 718 1485 948 1561; x_wconf 84' lang='lat' dir='ltr'><strong>conculcavit,</strong></span> <span class='ocrx_word' id='word_1_36' title='bbox 977 1488 1235 1570; x_wconf 86' lang='lat' dir='ltr'><strong>archiepiscopo</strong></span> <span class='ocrx_word' id='word_1_37' title='bbox 1262 1488 1399 1551; x_wconf 84' lang='lat' dir='ltr'><strong>dolente</strong></span> 
     </span>
     <span class='ocr_line' id='line_1_8' title="bbox 718 1584 987 1649; baseline 0.004 -2"><span class='ocrx_word' id='word_1_38' title='bbox 718 1590 754 1647; x_wconf 93' lang='lat' dir='ltr'><strong>et</strong></span> <span class='ocrx_word' id='word_1_39' title='bbox 767 1584 987 1649; x_wconf 86' lang='lat' dir='ltr'><strong>reclamante.</strong></span> 
     </span>
    </p>

    <p class='ocr_par' dir='ltr' id='par_1_5' title="bbox 297 1704 1398 1984">
     <span class='ocr_line' id='line_1_9' title="bbox 297 1704 1398 1791; baseline 0.002 -23"><span class='ocrx_word' id='word_1_40' title='bbox 297 1704 373 1782; x_wconf 86' lang='grc'><strong>257,</strong></span> <span class='ocrx_word' id='word_1_41' title='bbox 393 1707 447 1780; x_wconf 89' lang='grc'><strong>13,</strong></span> <span class='ocrx_word' id='word_1_42' title='bbox 455 1705 606 1789; x_wconf 68' lang='lat' dir='ltr'><strong>precepit</strong></span> <span class='ocrx_word' id='word_1_43' title='bbox 695 1707 788 1770; x_wconf 81' lang='lat' dir='ltr'><strong>addit</strong></span> <span class='ocrx_word' id='word_1_44' title='bbox 805 1707 933 1783; x_wconf 83' lang='lat' dir='ltr'><strong>Paris,</strong></span> <span class='ocrx_word' id='word_1_45' title='bbox 947 1709 1150 1791; x_wconf 83' lang='lat' dir='ltr'><strong>juravitque</strong></span> <span class='ocrx_word' id='word_1_46' title='bbox 1166 1709 1296 1783; x_wconf 90' lang='lat' dir='ltr'><strong>dicens,</strong></span> <span class='ocrx_word' id='word_1_47' title='bbox 1307 1713 1317 1741; x_wconf 92' lang='lat'>‘</span> <span class='ocrx_word' id='word_1_48' title='bbox 1329 1708 1398 1772; x_wconf 90' lang='lat' dir='ltr'><strong>Per</strong></span> 
     </span>
     <span class='ocr_line' id='line_1_10' title="bbox 717 1808 1398 1883; baseline 0.004 -14"><span class='ocrx_word' id='word_1_49' title='bbox 717 1815 858 1871; x_wconf 86' lang='lat' dir='ltr'><strong>sanctos</strong></span> <span class='ocrx_word' id='word_1_50' title='bbox 886 1809 1055 1883; x_wconf 82' lang='lat' dir='ltr'><strong>Franciae,</strong></span> <span class='ocrx_word' id='word_1_51' title='bbox 1079 1808 1134 1871; x_wconf 91' lang='lat' dir='ltr'><strong>vel</strong></span> <span class='ocrx_word' id='word_1_52' title='bbox 1159 1808 1307 1870; x_wconf 84' lang='lat' dir='ltr'><strong>Francia</strong></span> <span class='ocrx_word' id='word_1_53' title='bbox 1332 1809 1398 1872; x_wconf 89' lang='lat' dir='ltr'><strong>erit</strong></span> 
     </span>
     <span class='ocr_line' id='line_1_11' title="bbox 720 1906 1343 1984; baseline 0 -15"><span class='ocrx_word' id='word_1_54' title='bbox 720 1906 897 1984; x_wconf 85' lang='lat' dir='ltr'><strong>Flandria,</strong></span> <span class='ocrx_word' id='word_1_55' title='bbox 914 1908 970 1972; x_wconf 88' lang='lat' dir='ltr'><strong>vel</strong></span> <span class='ocrx_word' id='word_1_56' title='bbox 989 1908 1155 1970; x_wconf 89' lang='lat' dir='ltr'><strong>Flandria</strong></span> <span class='ocrx_word' id='word_1_57' title='bbox 1171 1907 1343 1969; x_wconf 88' lang='lat' dir='ltr'><strong>Francia.’</strong></span> 
     </span>
    </p>
   </div>
   <div class='ocr_carea' id='block_1_5' title="bbox 296 2026 1397 2213">
    <p class='ocr_par' dir='ltr' id='par_1_6' title="bbox 296 2026 1397 2213">
     <span class='ocr_line' id='line_1_12' title="bbox 296 2026 1397 2105; baseline 0.005 -17"><span class='ocrx_word' id='word_1_58' title='bbox 296 2027 372 2101; x_wconf 89' lang='grc'><strong>260,</strong></span> <span class='ocrx_word' id='word_1_59' title='bbox 391 2031 445 2101; x_wconf 90' lang='grc'><strong>23,</strong></span> <span class='ocrx_word' id='word_1_60' title='bbox 454 2026 647 2092; x_wconf 73' lang='lat' dir='ltr'><strong>absolveram</strong></span> <span class='ocrx_word' id='word_1_61' title='bbox 695 2030 787 2093; x_wconf 80' lang='lat' dir='ltr'><strong>addit</strong></span> <span class='ocrx_word' id='word_1_62' title='bbox 804 2029 927 2105; x_wconf 85' lang='lat' dir='ltr'><strong>Paris,</strong></span> <span class='ocrx_word' id='word_1_63' title='bbox 947 2032 993 2094; x_wconf 90' lang='lat' dir='ltr'><strong>Et</strong></span> <span class='ocrx_word' id='word_1_64' title='bbox 1016 2030 1090 2094; x_wconf 86' lang='lat' dir='ltr'><strong>haec</strong></span> <span class='ocrx_word' id='word_1_65' title='bbox 1110 2031 1285 2094; x_wconf 86' lang='lat' dir='ltr'><strong>absolutio</strong></span> <span class='ocrx_word' id='word_1_66' title='bbox 1304 2030 1397 2094; x_wconf 86' lang='lat' dir='ltr'><strong>facta</strong></span> 
     </span>
     <span class='ocr_line' id='line_1_13' title="bbox 716 2127 1267 2213; baseline 0.002 -22"><span class='ocrx_word' id='word_1_67' title='bbox 716 2127 782 2193; x_wconf 82' lang='lat' dir='ltr'><strong>fuit</strong></span> <span class='ocrx_word' id='word_1_68' title='bbox 797 2130 833 2192; x_wconf 91' lang='lat' dir='ltr'><strong>in</strong></span> <span class='ocrx_word' id='word_1_69' title='bbox 852 2131 1004 2213; x_wconf 87' lang='lat' dir='ltr'><strong>capitulo</strong></span> <span class='ocrx_word' id='word_1_70' title='bbox 1021 2130 1267 2194; x_wconf 90' lang='lat' dir='ltr'><strong>Wintoniensi.</strong></span> 
     </span>
    </p>
   </div>
   <div class='ocr_carea' id='block_1_6' title="bbox 295 2247 922 2583">
    <p class='ocr_par' dir='ltr' id='par_1_7' title="bbox 295 2247 922 2583">
     <span class='ocr_line' id='line_1_14' title="bbox 296 2247 859 2332; baseline 0.018 -24"><span class='ocrx_word' id='word_1_71' title='bbox 296 2247 371 2323; x_wconf 93' lang='grc'><strong>262,</strong></span> <span class='ocrx_word' id='word_1_72' title='bbox 388 2248 441 2323; x_wconf 91' lang='grc'><strong>26,</strong></span> <span class='ocrx_word' id='word_1_73' title='bbox 447 2249 572 2332; x_wconf 74' lang='lat' dir='ltr'><strong>sacerd</strong></span> <span class='ocrx_word' id='word_1_74' title='bbox 694 2261 859 2318; x_wconf 85' lang='lat' dir='ltr'><strong>moveret.</strong></span> 
     </span>
     <span class='ocr_line' id='line_1_15' title="bbox 296 2372 922 2460; baseline 0.011 -27"><span class='ocrx_word' id='word_1_75' title='bbox 296 2372 371 2448; x_wconf 90' lang='grc'><strong>263,</strong></span> <span class='ocrx_word' id='word_1_76' title='bbox 411 2373 441 2448; x_wconf 88' lang='grc'><strong>6,</strong></span> <span class='ocrx_word' id='word_1_77' title='bbox 457 2372 635 2457; x_wconf 71' lang='lat' dir='ltr'><strong>inpetravit</strong></span> <span class='ocrx_word' id='word_1_78' title='bbox 692 2376 922 2460; x_wconf 87' lang='lat' dir='ltr'><strong>impetrasset.</strong></span> 
     </span>
     <span class='ocr_line' id='line_1_16' title="bbox 295 2498 780 2583; baseline 0.012 -27"><span class='ocrx_word' id='word_1_79' title='bbox 295 2536 346 2546; x_wconf 93' lang='lat'><em>-</em></span> <span class='ocrx_word' id='word_1_80' title='bbox 390 2498 646 2581; x_wconf 78' lang='lat' dir='ltr'><strong>20,temporequo</strong></span> <span class='ocrx_word' id='word_1_81' title='bbox 694 2502 780 2583; x_wconf 85' lang='lat' dir='ltr'><strong>ipso.</strong></span> 
     </span>
    </p>
   </div>
   <div class='ocr_carea' id='block_1_7' title="bbox 294 2621 1358 2709">
    <p class='ocr_par' dir='ltr' id='par_1_8' title="bbox 294 2621 1358 2709">
     <span class='ocr_line' id='line_1_17' title="bbox 294 2621 1358 2709; baseline 0.001 -24"><span class='ocrx_word' id='word_1_82' title='bbox 294 2656 345 2665; x_wconf 94' lang='lat'><strong>—</strong></span> <span class='ocrx_word' id='word_1_83' title='bbox 389 2622 440 2696; x_wconf 87' lang='grc'><strong>29,</strong></span> <span class='ocrx_word' id='word_1_84' title='bbox 459 2621 588 2684; x_wconf 79' lang='lat' dir='ltr'><strong>recitari</strong></span> <span class='ocrx_word' id='word_1_85' title='bbox 694 2625 787 2687; x_wconf 82' lang='lat' dir='ltr'><strong>addit</strong></span> <span class='ocrx_word' id='word_1_86' title='bbox 802 2625 930 2702; x_wconf 71' lang='lat' dir='ltr'><strong>Paris„</strong></span> <span class='ocrx_word' id='word_1_87' title='bbox 945 2626 1044 2709; x_wconf 90' lang='lat' dir='ltr'><strong>cujus</strong></span> <span class='ocrx_word' id='word_1_88' title='bbox 1059 2634 1158 2690; x_wconf 87' lang='lat' dir='ltr'><strong>tenor</strong></span> <span class='ocrx_word' id='word_1_89' title='bbox 1175 2632 1249 2689; x_wconf 87' lang='lat' dir='ltr'><strong>erat</strong></span> <span class='ocrx_word' id='word_1_90' title='bbox 1267 2624 1358 2688; x_wconf 81' lang='lat' dir='ltr'><strong>talis.</strong></span> 
     </span>
    </p>
   </div>
   <div class='ocr_carea' id='block_1_8' title="bbox 296 2740 1010 2952">
    <p class='ocr_par' dir='ltr' id='par_1_9' title="bbox 296 2740 1010 2952">
     <span class='ocr_line' id='line_1_18' title="bbox 297 2740 851 2820; baseline 0.007 -15"><span class='ocrx_word' id='word_1_91' title='bbox 297 2744 372 2819; x_wconf 79' lang='lat'><strong>264,</strong></span> <span class='ocrx_word' id='word_1_92' title='bbox 392 2740 443 2820; x_wconf 88' lang='grc'><strong>17,</strong></span> <span class='ocrx_word' id='word_1_93' title='bbox 459 2744 592 2808; x_wconf 79' lang='lat' dir='ltr'><strong>homines</strong></span> <span class='ocrx_word' id='word_1_94' title='bbox 694 2749 851 2814; x_wconf 86' lang='lat' dir='ltr'><strong>honores.</strong></span> 
     </span>
     <span class='ocr_line' id='line_1_19' title="bbox 296 2864 1010 2952; baseline 0.004 -24"><span class='ocrx_word' id='word_1_95' title='bbox 296 2864 369 2943; x_wconf 89' lang='grc'><strong>267,</strong></span> <span class='ocrx_word' id='word_1_96' title='bbox 387 2865 438 2944; x_wconf 93' lang='grc'><strong>17,</strong></span> <span class='ocrx_word' id='word_1_97' title='bbox 450 2878 565 2952; x_wconf 76' lang='lat' dir='ltr'><strong>pestem</strong></span> <span class='ocrx_word' id='word_1_98' title='bbox 695 2875 934 2951; x_wconf 87' lang='lat' dir='ltr'><strong>tempestatem</strong></span> <span class='ocrx_word' id='word_1_99' title='bbox 949 2889 958 2948; x_wconf 89' lang='lat'>;</span> <span class='ocrx_word' id='word_1_100' title='bbox 977 2870 1010 2932; x_wconf 78' lang='grc' dir='ltr'><strong>Ο.</strong></span> 
     </span>
    </p>
   </div>
   <div class='ocr_carea' id='block_1_9' title="bbox 295 2991 958 3152">
    <p class='ocr_par' dir='ltr' id='par_1_10' title="bbox 295 2991 958 3152">
     <span class='ocr_line' id='line_1_20' title="bbox 295 2991 958 3068; baseline 0.009 -16"><span class='ocrx_word' id='word_1_101' title='bbox 295 2991 368 3068; x_wconf 90' lang='grc'><strong>268,</strong></span> <span class='ocrx_word' id='word_1_102' title='bbox 405 2992 436 3065; x_wconf 91' lang='grc'><strong>1,</strong></span> <span class='ocrx_word' id='word_1_103' title='bbox 453 2991 616 3053; x_wconf 75' lang='lat' dir='ltr'><strong>Biterren·</strong></span> <span class='ocrx_word' id='word_1_104' title='bbox 697 2994 958 3059; x_wconf 87' lang='lat' dir='ltr'><strong>Bituricensem.</strong></span> 
     </span>
     <span class='ocr_line' id='line_1_21' title="bbox 463 3111 523 3152; baseline 0 0"><span class='ocrx_word' id='word_1_105' title='bbox 463 3111 523 3152; x_wconf 77' lang='lat' dir='ltr'><strong>scm</strong></span> 
     </span>
    </p>
   </div>
   <div class='ocr_carea' id='block_1_10' title="bbox 292 3213 914 3289">
    <p class='ocr_par' dir='ltr' id='par_1_11' title="bbox 292 3213 914 3289">
     <span class='ocr_line' id='line_1_22' title="bbox 292 3213 914 3289; baseline 0.005 -16"><span class='ocrx_word' id='word_1_106' title='bbox 292 3248 344 3256; x_wconf 98' lang='lat'><strong>—</strong></span> <span class='ocrx_word' id='word_1_107' title='bbox 389 3215 440 3289; x_wconf 89' lang='lat'><strong>10,</strong></span> <span class='ocrx_word' id='word_1_108' title='bbox 457 3213 646 3276; x_wconf 62' lang='lat' dir='ltr'><strong>comacula</strong></span> <span class='ocrx_word' id='word_1_109' title='bbox 697 3216 914 3280; x_wconf 86' lang='lat' dir='ltr'><strong>Cervianum.</strong></span> 
     </span>
    </p>
   </div>
   <div class='ocr_carea' id='block_1_11' title="bbox 293 3337 977 3498">
    <p class='ocr_par' dir='ltr' id='par_1_12' title="bbox 293 3337 977 3498">
     <span class='ocr_line' id='line_1_23' title="bbox 293 3337 977 3412; baseline 0.007 -15"><span class='ocrx_word' id='word_1_110' title='bbox 293 3372 344 3382; x_wconf 90' lang='lat'><strong>—-</strong></span> <span class='ocrx_word' id='word_1_111' title='bbox 389 3338 440 3412; x_wconf 90' lang='grc'><strong>13,</strong></span> <span class='ocrx_word' id='word_1_112' title='bbox 456 3337 645 3400; x_wconf 67' lang='lat' dir='ltr'><strong>Bitamensd-</strong></span> <span class='ocrx_word' id='word_1_113' title='bbox 695 3339 977 3404; x_wconf 77' lang='lat' dir='ltr'><strong>Bituricensibus</strong></span> 
     </span>
     <span class='ocr_line' id='line_1_24' title="bbox 461 3434 514 3498; baseline 0 0"><span class='ocrx_word' id='word_1_114' title='bbox 461 3434 514 3498; x_wconf 77' lang='lat' dir='ltr'><strong>bus</strong></span> 
     </span>
    </p>
   </div>
   <div class='ocr_carea' id='block_1_12' title="bbox 297 3557 1160 3723">
    <p class='ocr_par' dir='ltr' id='par_1_13' title="bbox 297 3557 1160 3723">
     <span class='ocr_line' id='line_1_25' title="bbox 297 3557 1160 3636; baseline -0.002 -15"><span class='ocrx_word' id='word_1_115' title='bbox 297 3560 646 3636; x_wconf 74' lang='lat' dir='ltr'><strong>269,16,Biternumet</strong></span> <span class='ocrx_word' id='word_1_116' title='bbox 694 3562 854 3624; x_wconf 91' lang='lat' dir='ltr'><strong>Biturum</strong></span> <span class='ocrx_word' id='word_1_117' title='bbox 870 3566 906 3623; x_wconf 92' lang='lat' dir='ltr'><strong>et</strong></span> <span class='ocrx_word' id='word_1_118' title='bbox 924 3557 1160 3621; x_wconf 86' lang='lat' dir='ltr'><strong>Cairasonam.</strong></span> 
     </span>
     <span class='ocr_line' id='line_1_26' title="bbox 438 3660 646 3723; baseline -0.019 0"><span class='ocrx_word' id='word_1_119' title='bbox 438 3660 646 3723; x_wconf 69' lang='lat' dir='ltr'><strong>Cercasorum</strong></span> 
     </span>
    </p>
   </div>
   <div class='ocr_carea' id='block_1_13' title="bbox 298 3779 784 3867">
    <p class='ocr_par' dir='ltr' id='par_1_14' title="bbox 298 3779 784 3867">
     <span class='ocr_line' id='line_1_27' title="bbox 298 3779 784 3867; baseline 0.002 -21"><span class='ocrx_word' id='word_1_120' title='bbox 298 3779 371 3859; x_wconf 88' lang='grc'><strong>271,</strong></span> <span class='ocrx_word' id='word_1_121' title='bbox 391 3785 648 3867; x_wconf 79' lang='lat' dir='ltr'><strong>13,supponerent</strong></span> <span class='ocrx_word' id='word_1_122' title='bbox 693 3781 784 3847; x_wconf 79' lang='lat' dir='ltr'><strong>deest.</strong></span> 
     </span>
    </p>
   </div>
   <div class='ocr_carea' id='block_1_14' title="bbox 296 3904 1397 4577">
    <p class='ocr_par' dir='ltr' id='par_1_15' title="bbox 296 3904 1396 4290">
     <span class='ocr_line' id='line_1_28' title="bbox 296 3904 1394 3989; baseline -0.002 -21"><span class='ocrx_word' id='word_1_123' title='bbox 296 3948 346 3958; x_wconf 88' lang='lat'><strong>—</strong></span> <span class='ocrx_word' id='word_1_124' title='bbox 388 3905 646 3968; x_wconf 76' lang='lat' dir='ltr'><strong>—Eodemcnno</strong></span> <span class='ocrx_word' id='word_1_125' title='bbox 695 3905 766 3968; x_wconf 92' lang='lat' dir='ltr'><strong>Sub</strong></span> <span class='ocrx_word' id='word_1_126' title='bbox 789 3906 943 3989; x_wconf 88' lang='lat' dir='ltr'><strong>ejusdem</strong></span> <span class='ocrx_word' id='word_1_127' title='bbox 966 3904 1049 3967; x_wconf 88' lang='lat' dir='ltr'><strong>anni</strong></span> <span class='ocrx_word' id='word_1_128' title='bbox 1071 3904 1254 3980; x_wconf 89' lang='lat' dir='ltr'><strong>curriculo,</strong></span> <span class='ocrx_word' id='word_1_129' title='bbox 1276 3905 1311 3965; x_wconf 94' lang='lat' dir='ltr'><strong>in</strong></span> <span class='ocrx_word' id='word_1_130' title='bbox 1329 3922 1394 3966; x_wconf 82' lang='lat' dir='ltr'><strong>aes-</strong></span> 
     </span>
     <span class='ocr_line' id='line_1_29' title="bbox 456 4002 1395 4088; baseline -0.005 -20"><span class='ocrx_word' id='word_1_131' title='bbox 456 4053 463 4068; x_wconf 92' lang='lat'><strong>.</strong></span> <span class='ocrx_word' id='word_1_132' title='bbox 478 4053 486 4067; x_wconf 93' lang='lat'><strong>.</strong></span> <span class='ocrx_word' id='word_1_133' title='bbox 500 4052 508 4068; x_wconf 90' lang='lat'><strong>.</strong></span> <span class='ocrx_word' id='word_1_134' title='bbox 516 4013 647 4088; x_wconf 72' lang='lat' dir='ltr'><strong>propter</strong></span> <span class='ocrx_word' id='word_1_135' title='bbox 719 4012 791 4067; x_wconf 90' lang='lat' dir='ltr'><strong>tate</strong></span> <span class='ocrx_word' id='word_1_136' title='bbox 808 4004 979 4086; x_wconf 85' lang='lat' dir='ltr'><strong>sequenti,</strong></span> <span class='ocrx_word' id='word_1_137' title='bbox 996 4004 1158 4066; x_wconf 87' lang='lat' dir='ltr'><strong>subortus</strong></span> <span class='ocrx_word' id='word_1_138' title='bbox 1174 4009 1226 4064; x_wconf 86' lang='lat' dir='ltr'><strong>est</strong></span> <span class='ocrx_word' id='word_1_139' title='bbox 1238 4003 1273 4063; x_wconf 95' lang='lat' dir='ltr'><strong>in</strong></span> <span class='ocrx_word' id='word_1_140' title='bbox 1285 4002 1395 4064; x_wconf 87' lang='lat' dir='ltr'><strong>Fran·</strong></span> 
     </span>
     <span class='ocr_line' id='line_1_30' title="bbox 458 4099 1393 4184; baseline -0.003 -18"><span class='ocrx_word' id='word_1_141' title='bbox 458 4113 570 4167; x_wconf 74' lang='lat' dir='ltr'><strong>saneta</strong></span> <span class='ocrx_word' id='word_1_142' title='bbox 717 4103 772 4166; x_wconf 89' lang='lat' dir='ltr'><strong>cia</strong></span> <span class='ocrx_word' id='word_1_143' title='bbox 783 4122 877 4166; x_wconf 88' lang='lat' dir='ltr'><strong>error</strong></span> <span class='ocrx_word' id='word_1_144' title='bbox 888 4100 1194 4184; x_wconf 87' lang='lat' dir='ltr'><strong>quidamaseculis</strong></span> <span class='ocrx_word' id='word_1_145' title='bbox 1206 4099 1393 4163; x_wconf 75' lang='lat' dir='ltr'><strong>inauditus</strong></span> 
     </span>
     <span class='ocr_line' id='line_1_31' title="bbox 464 4196 1396 4290; baseline -0.003 -26"><span class='ocrx_word' id='word_1_146' title='bbox 464 4200 630 4290; x_wconf 72' lang='grc'><strong>(27210)</strong></span> <span class='ocrx_word' id='word_1_147' title='bbox 720 4201 871 4279; x_wconf 86' lang='lat' dir='ltr'><strong>Quidam</strong></span> <span class='ocrx_word' id='word_1_148' title='bbox 897 4201 986 4262; x_wconf 91' lang='lat' dir='ltr'><strong>enim</strong></span> <span class='ocrx_word' id='word_1_149' title='bbox 1012 4218 1108 4281; x_wconf 87' lang='lat' dir='ltr'><strong>puer,</strong></span> <span class='ocrx_word' id='word_1_150' title='bbox 1136 4197 1234 4260; x_wconf 87' lang='lat' dir='ltr'><strong>hoste</strong></span> <span class='ocrx_word' id='word_1_151' title='bbox 1254 4196 1396 4261; x_wconf 86' lang='lat' dir='ltr'><strong>humani</strong></span> 
     </span>
    </p>

    <p class='ocr_par' dir='ltr' id='par_1_16' title="bbox 718 4297 1397 4577">
     <span class='ocr_line' id='line_1_32' title="bbox 718 4297 1397 4382; baseline -0.006 -19"><span class='ocrx_word' id='word_1_152' title='bbox 718 4301 854 4382; x_wconf 85' lang='lat' dir='ltr'><strong>generis</strong></span> <span class='ocrx_word' id='word_1_153' title='bbox 880 4306 1097 4382; x_wconf 88' lang='lat' dir='ltr'><strong>procurante,</strong></span> <span class='ocrx_word' id='word_1_154' title='bbox 1125 4297 1185 4380; x_wconf 93' lang='lat' dir='ltr'><strong>qui</strong></span> <span class='ocrx_word' id='word_1_155' title='bbox 1211 4315 1290 4359; x_wconf 86' lang='lat' dir='ltr'><strong>vere</strong></span> <span class='ocrx_word' id='word_1_156' title='bbox 1311 4316 1397 4378; x_wconf 90' lang='lat' dir='ltr'><strong>puer</strong></span> 
     </span>
     <span class='ocr_line' id='line_1_33' title="bbox 720 4395 1397 4479; baseline -0.009 -15"><span class='ocrx_word' id='word_1_157' title='bbox 720 4406 824 4464; x_wconf 82' lang='lat' dir='ltr'><strong>aetate</strong></span> <span class='ocrx_word' id='word_1_158' title='bbox 840 4399 905 4461; x_wconf 86' lang='lat' dir='ltr'><strong>fuit</strong></span> <span class='ocrx_word' id='word_1_159' title='bbox 922 4398 982 4461; x_wconf 92' lang='lat' dir='ltr'><strong>sed</strong></span> <span class='ocrx_word' id='word_1_160' title='bbox 1000 4399 1152 4462; x_wconf 90' lang='lat' dir='ltr'><strong>moribus</strong></span> <span class='ocrx_word' id='word_1_161' title='bbox 1165 4395 1318 4479; x_wconf 85' lang='lat' dir='ltr'><strong>pervilis,</strong></span> <span class='ocrx_word' id='word_1_162' title='bbox 1336 4416 1397 4478; x_wconf 90' lang='lat' dir='ltr'><strong>per</strong></span> 
     </span>
     <span class='ocr_line' id='line_1_34' title="bbox 719 4496 1397 4577; baseline -0.006 -14"><span class='ocrx_word' id='word_1_163' title='bbox 719 4500 880 4563; x_wconf 87' lang='lat' dir='ltr'><strong>civitates</strong></span> <span class='ocrx_word' id='word_1_164' title='bbox 892 4498 1022 4561; x_wconf 85' lang='lat' dir='ltr'><strong>vadens</strong></span> <span class='ocrx_word' id='word_1_165' title='bbox 1036 4508 1071 4561; x_wconf 90' lang='lat' dir='ltr'><strong>et</strong></span> <span class='ocrx_word' id='word_1_166' title='bbox 1084 4497 1227 4562; x_wconf 85' lang='lat' dir='ltr'><strong>castolla</strong></span> <span class='ocrx_word' id='word_1_167' title='bbox 1239 4496 1276 4559; x_wconf 92' lang='lat' dir='ltr'><strong>in</strong></span> <span class='ocrx_word' id='word_1_168' title='bbox 1290 4515 1397 4577; x_wconf 79' lang='lat' dir='ltr'><strong>regno</strong></span> 
     </span>
    </p>
   </div>
   <div class='ocr_carea' id='block_1_15' title="bbox 0 0 1696 5625">
    <p class='ocr_par' dir='ltr' id='par_1_17' title="bbox 0 0 1696 5625">
     <span class='ocr_line' id='line_1_35' title="bbox 0 0 1696 5625; baseline 0 1"><span class='ocrx_word' id='word_1_169' title='bbox 0 0 1696 5625; x_wconf 95' lang='lat' dir='ltr'><strong> </strong></span> 
     </span>
    </p>
   </div>
  </div>
 </body>
</html>
