3384 5625
676 776 875 826 nncnionns
898 780 1032 829 vania.
1338 770 1404 835 215

301 894 357 1034 23,
393 897 444 1037 ΠΣ,
462 964 597 1049 andana
700 963 851 1045 undique
866 985 875 1044 ;
899 973 935 1030 et
946 986 1084 1032 versum
1101 975 1155 1033 est
1171 968 1207 1033 in
1223 990 1301 1035 enm
1319 990 1401 1054 pon,

721 1062 786 1126 dus
802 1064 893 1128 belli.

302 1222 352 1233 -
418 1178 447 1258 7,
458 1191 648 1266 quatenns...
701 1195 739 1253 ut
757 1235 765 1252 .
785 1237 817 1254 ..
835 1198 965 1272 posset.

458 1283 608 1366 potuim

301 1445 352 1455 -
416 1408 449 1482 8,
464 1427 524 1468 non
535 1409 650 1471 ...An-
700 1408 849 1493 Anglico
866 1414 970 1478 alicui
987 1435 1205 1499 nequaquam
1218 1416 1387 1481 redderet.

461 1505 509 1589 qli

300 1663 351 1673 —
395 1631 447 1705 10,
463 1629 499 1692 in
513 1652 579 1692 eam
701 1632 743 1694 de
760 1632 936 1714 regalibus
951 1641 986 1698 et
1007 1656 1069 1718 per
1085 1636 1273 1700 ocularium
1291 1638 1401 1720 galeae

464 1750 524 1791 non
538 1729 636 1795 edidit
723 1740 829 1813 caput
863 1733 939 1816 ejus
978 1735 1183 1816 perforando
1225 1737 1400 1801 cerebrum

723 1830 855 1908 effudit,
884 1839 919 1895 et
945 1835 1079 1911 merito,
1112 1835 1194 1916 quia
1223 1854 1286 1918 per
1308 1855 1401 1901 cere-

722 1931 822 1993 brum
863 1932 977 1995 dictus
1015 1954 1108 2017 saepe
1142 1934 1330 2018 pejeravit3
1365 1942 1400 2000 et

722 2048 885 2094 corruens
911 2032 947 2094 in
973 2039 1101 2097 terram
1124 2053 1187 2097 nec
1213 2034 1326 2098 Deum
1349 2036 1402 2097 in-

723 2131 861 2194 vocavit
877 2150 938 2194 nec
950 2133 1052 2196 etiam
1068 2135 1210 2198 verbum
1228 2134 1320 2197 ultra
1330 2153 1400 2198 non

722 2229 841 2307 edidit,
874 2230 996 2295 sedin
1023 2251 1157 2296 summo
1190 2252 1333 2297 rancore
1364 2239 1399 2297 et

721 2330 882 2411 superbia
899 2330 944 2394 ad
960 2331 1087 2396 inferos
1103 2332 1348 2415 peregrinavit.

298 2493 349 2504 -
394 2456 444 2530 13,
453 2454 624 2540 ρΙιαῐαπροε
697 2450 786 2517 dant.

299 2619 349 2629 —
394 2574 444 2655 17,
455 2578 543 2642 iilius
551 2588 648 2663 panace
697 2575 814 2640 denam.

298 2741 349 2754 —
393 2704 443 2779 19,
457 2702 539 2766 aaira
552 2703 647 2767 noluit
698 2705 733 2762 et
750 2700 894 2764 festinus
911 2700 1012 2764 nimis
1027 2702 1123 2766 exire
1136 2702 1313 2767 voluisset.

296 2868 347 2880 —
391 2831 442 2905 25,
457 2830 536 2914 rayis
696 2824 788 2889 addit
805 2823 929 2904 Paris,
942 2826 1054 2890 fracta
1070 2845 1188 2890 aarum
1205 2826 1375 2910 superbia.

295 2988 347 3000 -
390 2954 441 3030 26,
457 2963 559 3018 tamen
695 2949 785 3014 densi.

297 3116 348 3127 -
392 3073 443 3153 27,
458 3085 487 3140 ot
502 3077 608 3140 carnis
696 3072 788 3136 addit
816 3071 941 3150 Paris,
972 3073 1032 3156 qui
1063 3093 1100 3138 se
1130 3074 1328 3140 manifestat
1358 3076 1395 3138 in

718 3171 865 3235 articulo
882 3173 1109 3238 necessitatis,

297 3339 349 3350 -
393 3300 446 3375 28,
458 3299 644 3364 evasisset...
696 3295 863 3359 evasisset
880 3295 964 3377 quin
978 3315 1040 3377 per
1055 3297 1155 3378 gulas
1173 3299 1325 3363 universi
1339 3318 1394 3363 ca·

449 3400 636 3483 protraham
717 3401 889 3476 parentur.
943 3393 1035 3472 Quid
1053 3395 1176 3478 plura?

295 3562 346 3573 -
389 3524 443 3598 34,
458 3520 504 3585 ibi
521 3569 527 3583 .
543 3568 551 3583 .
566 3569 573 3583 .
587 3569 595 3584 .
610 3523 646 3586 in
696 3538 759 3600 pro
770 3517 939 3600 pertinaci
956 3518 1117 3599 superbia
1129 3537 1193 3582 sua
1204 3517 1252 3581 ibi
1264 3536 1396 3583 reman-

462 3630 605 3685 aetarnnm
718 3618 765 3681 sit
782 3618 817 3679 in
834 3616 1036 3681 hodiernum
1054 3636 1163 3702 usque
1178 3617 1278 3682 diem.

296 3745 350 3820 24,
411 3746 440 3821 6,
460 3743 631 3809 Ohainodnt
695 3739 892 3806 Cheinduit.

294 3902 344 3914 -
410 3865 441 3938 8,
457 3865 581 3928 trecenti
694 3865 949 3948 quadringenti.

293 4024 344 4034 —
390 3984 644 4060 14‚d00roastwno
696 3988 979 4052 Crokesdensem.

293 4142 344 4152 —
389 4108 439 4183 15,
449 4117 600 4192 praterea
694 4111 809 4174 etiam.

293 4271 344 4283 —
388 4234 442 4308 30,
457 4234 609 4297 arnmriis
694 4233 895 4297 almariolis.

292 4389 344 4401 ·-
388 4356 440 4433 32,
454 4358 552 4420 omnis
693 4356 834 4420 diversi.

293 4479 345 4554 25,
405 4479 434 4554 6,
450 4478 574 4564 naalia
694 4479 818 4545 vasalli
835 4479 922 4564 ejus.
