3384 5625
659 787 867 835 uncrionns
893 788 1026 835 varin.
1194 797 1198 802 -
1354 772 1399 835 73

342 973 435 1048 here,
471 969 557 1033 ‘De
596 968 847 1032 execrabilibus
885 969 1015 1050 nuptiis
1053 967 1177 1032 Mariae
1212 967 1398 1031 abbatissae

346 1069 555 1136 numeseie:

293 1212 368 1349 252,
379 1211 440 1347 Ἠ,
453 1268 610 1354 areuupi-
698 1268 994 1352 archiepiscopum
1010 1268 1305 1333 Cantuariensem.

458 1390 580 1454 scopum

297 1533 345 1544 —
389 1497 441 1572 18,
456 1492 627 1557 Dominiea
696 1488 821 1552 dictus.
896 1502 902 1512 ·

294 1656 346 1666 -
392 1614 597 1694 nauseatus
615 1660 647 1676 ..
698 1608 823 1673 Nuntii
841 1656 847 1670 .
866 1656 874 1673 .
894 1657 902 1672 .
920 1609 1052 1673 directi.

460 1715 587 1779 directis

298 1844 372 1920 294,
414 1844 447 1917 8,
463 1836 648 1903 Exanimis
699 1836 920 1901 Oxoniensis.

297 1999 348 2009 —
393 1959 445 2036 37,
463 1960 585 2024 etmihi
599 1968 627 2023 et
698 1970 733 2025 et
747 1962 841 2025 meis.

298 2088 375 2160 295,
413 2087 443 2154 6,
462 2106 483 2147 a
504 2105 562 2169 quo
586 2131 594 2147 .
614 2130 646 2145 ..
699 2086 782 2149 sine.

460 2193 566 2247 nostra
582 2191 610 2246 et

298 2346 349 2354 —
384 2311 448 2384 14,
462 2305 635 2376 areln'diu-¹
700 2297 951 2374 archidiacono.

465 2426 549 2469 eones

299 2530 374 2607 296,
416 2531 447 2603 1,
464 2526 584 2592 obuium
601 2573 649 2589 ...
700 2522 845 2588 obvians
861 2524 896 2586 iu
912 2523 1043 2588 osculo.

465 2628 501 2692 iu
515 2626 651 2692 osculum

299 2793 350 2805 ..
415 2755 448 2830 4,
463 2751 592 2816 ostendit
703 2744 796 2808 addit
811 2743 937 2817 Paris„
948 2743 1078 2807 Eodem
1093 2763 1182 2807 anno
1197 2746 1403 2811 translatum

726 2852 779 2908 est
806 2863 932 2925 corpus
959 2845 1071 2908 sancti
1096 2845 1187 2925 regis
1210 2853 1246 2910 et
1270 2847 1404 2911 coufes-

725 2946 814 3008 soris
844 2943 1007 3025 Edwardi
1040 2944 1133 3026 apud
1164 2945 1404 3012 Westmonas·

726 3044 850 3106 terium
863 3062 885 3106 a
897 3045 998 3107 beato
1007 3043 1405 3122 Thoma,Cantuariensi

727 3142 998 3225 archiepiscopo,
1021 3151 1191 3227 praesente
1208 3166 1289 3228 rege
1306 3148 1406 3211 Hen-

726 3242 809 3318 ri00,
824 3243 885 3323 qui
902 3242 976 3307 haec
991 3251 1248 3325 procuraverat.

302 3405 353 3416 -—
389 3365 655 3452 22‚si9illumroyi
704 3361 856 3448 sigillum
871 3368 975 3448 regis.

303 3535 353 3547 -
397 3492 449 3566 31,
464 3511 516 3574 spe
546 3536 553 3551 .
579 3537 586 3551 .
611 3537 619 3551 .
645 3537 653 3552 .
705 3498 744 3554 ut
761 3489 912 3571 suspicio
930 3488 1154 3572 subjectionis
1170 3489 1205 3551 iu
1227 3495 1404 3570 posterum

468 3589 613 3672 adempta
727 3608 868 3673 prorsus
887 3588 1048 3671 adempta
1065 3595 1164 3652 esset.

303 3750 354 3762 -
398 3716 454 3790 32,
472 3734 526 3776 roa
538 3711 625 3775 oleato
705 3715 835 3778 electus
850 3715 897 3779 in.

305 3837 381 3917 297,
420 3841 448 3914 1,
465 3846 549 3900 staro
565 3856 643 3920 por-
706 3858 834 3922 aasque
849 3857 1071 3904 conservans

437 3936 440 3941 ’
466 3934 599 4000 suadeas
614 3944 643 3998 et

304 4096 355 4110 ·-
387 4064 389 4069 ’
421 4063 453 4136 2,
470 4060 641 4125 adversane
707 4063 968 4126 adversabatur.

305 4223 356 4233 -
400 4186 454 4261 14,
469 4181 619 4254 conlabi&
707 4185 921 4251 contulisset.

467 4283 521 4346 sed

305 4452 355 4464 -
400 4406 454 4486 27,
469 4405 523 4470 abi
539 4407 575 4469 ia
592 4406 656 4470 uli·
708 4404 767 4468 sed
785 4404 819 4466 in
839 4402 936 4466 nullo
953 4399 1185 4484 proficientes.

470 4528 528 4590 uuo
549 4507 659 4590 nrofe-

474 4605 560 4669 uisset
