3384 5625
664 779 866 831 LEGTlONES
889 777 1022 829 VARIAE.

318 919 423 1030 ¹sunt
450 963 743 1049 Hierosolymam.
797 965 1001 1029 Fredericus
1019 964 1207 1047 imperator
1233 966 1329 1029 veuit
1355 966 1399 1029 ad

341 1066 446 1149 pedes
474 1065 666 1130 Alexandri
694 1083 815 1148 papae3
842 1065 977 1129 audivit
1004 1064 1094 1128 enim
1125 1073 1161 1129 et
1188 1064 1398 1129 certificatus

342 1173 521 1248 estsuper
546 1166 622 1242 hoc,
645 1165 737 1248 quod
764 1184 840 1229 cum
862 1165 1000 1247 fugeret
1022 1183 1044 1228 a
1069 1165 1308 1247 persecutione
1334 1163 1399 1227 im-

341 1266 475 1348 periali,
493 1273 528 1329 et
546 1282 614 1329 non
632 1266 747 1330 eratei
763 1271 860 1329 tutus
877 1264 1044 1329 transitus
1061 1281 1123 1346 per
1140 1272 1279 1339 terram,
1293 1264 1398 1328 immo

341 1385 404 1447 per
431 1384 537 1442 mare,
563 1371 688 1429 exorta
711 1371 929 1448 tempestate,
953 1365 1143 1447 assumpsit
1161 1364 1278 1427 omnia
1299 1383 1398 1427 orna-

341 1471 459 1528 menta
484 1464 625 1546 papalia
653 1465 689 1527 in
714 1464 808 1541 nevi,
834 1464 935 1546 quasi
963 1464 1211 1540 celebraturus,
1237 1471 1274 1527 et
1299 1470 1398 1527 stans

341 1563 526 1647 imperavit
542 1564 629 1627 mari
644 1572 680 1628 et
694 1564 807 1628 ventis
827 1564 902 1627 vice
918 1562 942 1627 J
944 1583 1006 1627 esu
1022 1563 1163 1641 Christi,
1183 1563 1284 1646 cujus
1301 1563 1397 1627 vica·

341 1663 414 1727 rius
446 1669 533 1740 erat,
567 1669 605 1726 ut
638 1663 700 1738 ait,
737 1671 773 1727 et
803 1661 922 1727 statim
950 1663 1044 1727 facta
1080 1671 1134 1727 est
1165 1660 1399 1744 tranquillitas

342 1781 481 1845 magna.
534 1760 614 1840 Quo
631 1762 762 1840 audito,
780 1763 969 1845 imperator
989 1763 1217 1845 stupefactus,
1239 1761 1399 1826 humilia·

342 1869 399 1927 tus
421 1862 590 1927 satisfecit
603 1862 655 1925 illi
678 1864 883 1945 peremnia,
903 1863 1028 1927 timens
1051 1869 1167 1926 tamen
1184 1863 1263 1944 plus
1282 1862 1395 1926 Deum

341 1980 445 2045 quam
463 1961 647 2040 hominem,
665 1970 700 2027 et
714 1963 765 2027 sic
779 1963 931 2027 cessavit
943 1962 1103 2026 schisma.

301 2112 359 2149 PAG.
382 2112 434 2148 uu.

291 2192 366 2264 388,
404 2193 436 2264 8,
452 2188 608 2253 Hernicus
690 2188 780 2253 deest.

291 2314 365 2389 389,
404 2315 436 2387 9,
454 2312 582 2375 deuouit
692 2312 785 2377 addit
794 2311 1004 2389 Paris.,Nix
1015 2312 1167 2376 maxima
1177 2319 1211 2376 et
1221 2311 1394 2386 diuturna,

714 2411 879 2477 animalia
910 2412 1084 2477 maritima
1120 2411 1278 2475 involuta
1312 2418 1394 2475 sunt

715 2512 898 2592 fluctibus3
925 2511 978 2576 sol
1005 2529 1131 2594 passus
1156 2518 1210 2576 est
1238 2510 1394 2593 eclipsim

713 2622 814 2677 sexto
832 2613 910 2677 idus
926 2610 949 2675 J
952 2612 1095 2676 anuarii.

290 2775 339 2784 -
385 2734 436 2808 11,
452 2730 641 2816 eirqoidum
693 2734 735 2797 In
752 2736 806 2814 B.,
822 2755 862 2799 or
877 2734 936 2799 the
952 2733 1161 2817 Cambridge
1181 2732 1272 2812 MS„
1295 2734 1392 2799 there

712 2835 743 2897 is
769 2854 791 2898 a
812 2834 973 2899 coloured
1000 2834 1157 2916 drawing
1183 2834 1223 2898 oi
1240 2834 1298 2898 the
1322 2835 1393 2898 dis·

712 2954 838 3018 covery
851 2935 892 2999 of
910 2934 968 2998 the
987 2929 1107 2998 saint’s
1131 2933 1292 3011 remains,
1307 2935 1392 3000 with

711 3033 769 3099 the
794 3033 918 3098 citizen
941 3034 1105 3116 standing
1123 3035 1182 3118 by,
1202 3034 1312 3097 under
1334 3034 1393 3098 the

712 3133 927 3218 inscription,
949 3134 1149 3198 ‘Robertus
1170 3134 1255 3198 civis
1277 3134 1313 3198 S.
1333 3133 1391 3198 Al-

711 3234 803 3312 bani,
819 3240 1048 3316 cognomento
1066 3233 1226 3297 Mercer!

289 3392 341 3404 -
387 3358 439 3434 18,
458 3355 639 3422 daorteet
689 3357 835 3424 decorus
852 3358 952 3423 vultu
969 3364 1005 3421 et
1019 3356 1182 3438 eleganti.

455 3465 544 3522 tanet

290 3621 340 3635 -
383 3616 427 3629 -
443 3579 640 3664 amouimu-
690 3581 880 3645 thalamum
901 3596 1002 3643 suum
1023 3579 1328 3643 interiorem-In
1348 3582 1390 3643 B.

450 3679 640 3755 hnmotsibi
711 3678 780 3743 this
801 3679 832 3742 is
854 3679 1005 3744 inserted
1034 3699 1079 3742 on
1101 3678 1161 3743 the
1182 3680 1319 3761 margin
1342 3681 1389 3762 by

451 3777 612 3843 uidebatur
712 3777 824 3843 Paris

291 3904 365 3979 390,
404 3904 433 3979 3,
446 3901 549 3967 utsibi
558 3902 639 3968 eide*
689 3903 855 3968 velociter
870 3902 1017 3967 vestitus
1032 3908 1067 3966 et
1083 3902 1270 3967 calceatus

453 4001 545 4067 butor

289 4167 340 4178 —
407 4123 436 4202 7,
445 4147 588 4210 perbene
690 4121 782 4186 aaut
800 4120 925 4198 Paris,
949 4122 1071 4186 Obiter
1093 4120 1391 4204 colloquebantur,

456 4234 531 4288 mont
712 4229 753 4286 ut
770 4222 859 4286 solet
875 4221 1006 4286 amicus
1023 4239 1101 4283 cum
1121 4221 1232 4284 amico
1250 4222 1392 4286 coitine·

711 4329 823 4399 rante,
845 4330 919 4385 tum
943 4320 986 4384 de
1003 4319 1140 4384 moeniis
1158 4321 1282 4384 dirutae
1309 4322 1391 4385 civi·

713 4421 808 4496 tatis,
833 4428 907 4485 tum
934 4418 977 4483 de
995 4438 1095 4483 amne
1115 4420 1296 4496 diminuto,
1317 4426 1389 4483 tum

712 4519 755 4583 de
781 4527 893 4584 strata
916 4521 1088 4583 communi
1111 4520 1291 4602 adjacente
1310 4520 1390 4584 civi-
