3384 5625
669 800 869 850 nncrronns
893 801 1025 849 vnnrnc.
1336 786 1402 851 223

344 984 475 1049 decimo
497 985 643 1067 septimo
670 984 832 1049 calendas
856 981 1009 1067 Aprilis3
1033 991 1113 1068 post
1132 984 1231 1069 cujus
1254 991 1399 1049 mortem

344 1092 553 1149 memoratus
574 1105 637 1149 rex
663 1084 701 1147 in
725 1082 884 1148 custodia
914 1083 1024 1162 Petri,
1044 1084 1297 1149 Wintoniensis
1326 1085 1399 1167 epi-

344 1185 452 1265 scopi,
469 1184 646 1249 remansit.
689 1183 913 1266 Epitaphium
928 1190 1044 1247 autem
1060 1184 1217 1267 praedicti
1232 1184 1399 1248 Willelmi

346 1283 416 1347 tale
433 1284 563 1364 fertur3

456 1407 544 1468 ‘Sum
557 1427 642 1485 quem
657 1406 810 1466 Saturnum
823 1407 877 1465 sibi
891 1407 979 1465 sensit
995 1407 1153 1486 Hybernia,
1167 1406 1264 1467 Solem

473 1504 590 1581 Anglia,
605 1503 784 1561 Mercurium
799 1502 984 1573 Normannia,
1000 1504 1097 1563 Gallia
1110 1503 1256 1562 Martem!

348 1637 431 1702 Fuit
462 1638 552 1702 enim
588 1637 834 1720 Hybernorum
871 1636 1014 1701 nocivus
1054 1638 1235 1716 edomitor,
1272 1637 1399 1720 Anglis

344 1737 454 1801 honor
481 1744 516 1801 et
550 1738 672 1819 gloria,
707 1735 918 1799 Normannis
956 1738 1164 1817 negotiator,
1198 1738 1257 1819 qui
1290 1738 1326 1800 in
1358 1758 1400 1801 ea

344 1837 455 1901 multa
473 1837 699 1920 comparavit,
726 1834 872 1899 Gallicis
899 1834 1082 1899 bellicosus
1107 1844 1142 1900 ct
1163 1837 1261 1900 miles
1286 1836 1399 1900 invin-

346 1937 469 2001 cibilis.
521 1936 602 2000 Hoc
628 1954 766 2019 quoque
789 1954 879 1998 anno
901 1934 995 1998 facta
1022 1943 1075 1999 est
1095 1936 1285 2000 amicabilis
1306 1955 1401 2002 curn·

346 2036 473 2118 positio
502 2038 593 2100 inter
624 2035 803 2099 ecclesiam
843 2033 1117 2098 Lincolniensem
1151 2042 1186 2098 et
1218 2034 1398 2098 ecclesiam

345 2136 457 2199 sancti
487 2134 617 2201 Albani
648 2153 753 2217 super
790 2134 921 2196 vicaria
959 2134 1000 2196 de
1040 2133 1204 2210 Luitona,
1241 2140 1396 2215 tempore

346 2234 522 2317 Hugonis,
549 2232 800 2298 Lincolniensis
831 2233 995 2314 episcopi,
1024 2234 1156 2297 scilicet
1185 2232 1336 2309 secundi,
1364 2239 1400 2297 et

345 2333 512 2398 Willelmi
526 2333 662 2397 abbatis
678 2333 789 2395 sancti
804 2330 945 2396 Albani.
998 2331 1087 2410 Quae
1105 2333 1310 2417 compositio
1327 2332 1400 2415 ple·

346 2434 424 2496 nius
439 2434 601 2497 scribitur
618 2434 655 2495 in
671 2432 758 2495 libro
773 2429 1106 2496 Additamentorum.

293 2573 351 2712 pp,
387 2573 444 2709 ll,
459 2634 594 2698 colerent
695 2633 902 2715 potuissent.

295 2800 346 2812 --
390 2761 441 2836 29,
451 2758 618 2842 pauciores
695 2755 841 2819 circiter.

462 2879 554 2942 quam

295 2982 348 3054 49,
396 2981 447 3056 20,
459 2979 620 3064 praeluces
695 2978 828 3058 praevii.

297 3105 349 3179 51,
409 3104 439 3179 l,
455 3101 610 3186 intrepido
695 3101 783 3164 deest.

294 3268 345 3279 —
411 3225 649 3301 &homunculos
696 3230 845 3287 orantes.

294 3390 345 3401 —
390 3350 606 3432 26,sossutwm
695 3353 818 3409 contra
832 3346 1000 3410 fossatum
1019 3353 1063 3410 et.

294 3508 347 3519 —
390 3475 443 3549 30,
458 3470 608 3534 seculares
695 3468 783 3532 dccet.

297 3596 348 3671 53,
411 3594 442 3668 6,
458 3593 570 3658 castris
695 3592 785 3656 deest.

296 3720 348 3792 55,
389 3719 440 3795 32,
459 3725 614 3801 operantes
699 3715 733 3778 0.
751 3715 878 3779 inserts
900 3716 993 3794 here,
1008 3715 1124 3798 ‘Ipsis
1147 3716 1266 3780 diebus
1292 3717 1396 3799 signi·

463 3817 499 3880 in
512 3837 542 3880 sc
718 3817 959 3897 potentissima
983 3824 1106 3880 sancta
1128 3815 1320 3894 Elizabeth,
1346 3838 1398 3881 re-

718 3915 772 3996 gis
819 3914 1015 3996 Hungariae
1059 3915 1142 3992 filia,
1185 3915 1400 3998 landegravii

718 4011 922 4094 Thuringiae
964 4032 1106 4096 sponsa,
1148 4014 1322 4077 miraculis
1365 4024 1400 4079 et

718 4112 802 4175 vitae
819 4113 1004 4176 sanctitate
1020 4130 1126 4193 supra
1141 4124 1265 4174 ‘sexum
1281 4111 1399 4176 mulie-

717 4211 813 4275 brem
841 4210 958 4274 floruit
983 4211 1019 4274 in
1044 4210 1271 4289 Alemannia;
1299 4211 1399 4293 cujus

718 4309 859 4374 hortatu
881 4309 934 4375 vir
958 4329 1040 4373 suus
1059 4309 1315 4392 landegravius,
1339 4330 1401 4374 no·

719 4410 810 4473 mine
836 4409 1056 4484 Ludowicus,
1085 4428 1220 4473 crucem
1248 4411 1401 4492 suscepit

719 4515 754 4571 et
784 4509 877 4590 apud
905 4509 1100 4573 Damietam
1131 4510 1228 4585 obiit,
1257 4510 1400 4573 sanctis-
