3384 5625
642 794 841 843 Lucrlouus
869 795 1000 843 VARIAE.

269 917 325 954 Pru.
365 918 419 954 m.

270 978 321 1055 27,
383 982 622 1064 2‚urruouputur
667 989 890 1063 nuncupatus
907 981 985 1045 suit.

267 1141 318 1150 —
364 1107 415 1181 11,
444 1105 620 1168 Venetianis
668 1102 749 1165 dum
764 1102 892 1167 Veneti
909 1104 1176 1169 meditabantur.

439 1204 618 1268 meditanti·

442 1302 495 1367 bur

267 1464 318 1472 —
364 1430 414 1503 13,
429 1449 477 1492 eor
668 1422 758 1486 idem
775 1443 910 1507 corpus.

268 1587 319 1596 —
364 1553 414 1627 15,
433 1559 553 1615 tautam
669 1549 819 1613 tandem.

268 1709 319 1718 —
363 1672 619 1757 uuqutaroada
668 1683 769 1739 sexto
784 1684 864 1758 post
880 1677 1022 1740 obitum.

425 1773 579 1857 positione

270 1898 321 1972 28,
387 1899 416 1973 1,
433 1897 537 1981 itaquo
552 1917 618 1961 roa·
669 1896 844 1980 Imprimis
860 1905 975 1962 autem
993 1895 1217 1960 afficiebatur.

432 1994 512 2060 tabat

268 2157 319 2166 —
384 2122 414 2196 2,
424 2141 486 2205 per
667 2118 836 2200 siquidem
852 2139 924 2202 per.

267 2283 318 2291 —
385 2247 415 2320 3,
434 2255 618 2309 materiave-
667 2244 897 2321 sustentabat,
925 2243 1069 2307 eandem
1101 2244 1227 2325 passim
1254 2243 1367 2307 divul-

435 2354 499 2422 rat,
510 2344 617 2409 dival-
688 2343 805 2423 gabat.

429 2454 506 2529 grata

268 2605 319 2614 —
385 2566 414 2644 7,
432 2567 556 2631 deterrit
666 2561 810 2625 detexit.

267 2728 317 2737 —
363 2694 413 2761 10,
424 2691 489 2754 siae
500 2700 618 2754 retrao-
666 2685 754 2749 citra
769 2687 1051 2751 controversiam.

432 2791 492 2856 tati

266 2953 317 2962 —-
362 2919 413 2992 11,
429 2916 464 2978 iu

266 3079 317 3086 —
363 3045 413 3115 15,
431 3062 545 3124 quoquo

265 3202 316 3210 —
362 3164 617 3240 laurentiam
665 3159 757 3222 addit
775 3158 903 3234 Paris„
919 3158 1009 3240 apud
1027 3159 1138 3240 ripam
1154 3160 1269 3222 maris.

265 3325 316 3332 —
363 3287 617 3371 l8,superripam
665 3281 782 3345 desunt.

417 3407 517 3448 murts

266 3553 316 3562 -
363 3513 413 3586 19,
427 3510 508 3573 euim
666 3511 781 3566 autem
796 3501 999 3566 WalweiuS.

266 3671 317 3680 -
362 3638 413 3710 21,
429 3644 556 3698 voratur
666 3627 819 3689 vocitata
833 3633 897 3689 est.

266 3795 317 3804 —-
360 3795 404 3806 -
430 3759 464 3821 iu
480 3754 570 3843 (bis)
666 3751 783 3814 dosunt.

266 3919 317 3928 —
359 3919 404 3928 —
437 3882 617 3966 famosissi-
667 3874 910 3939 nobilissimuS.

429 4002 497 4044 mur

265 4141 317 4149 —
361 4107 413 4181 23,
430 4114 545 4168 coastat
665 4097 755 4161 deest.

266 4263 317 4272 —-
361 4231 414 4304 28,
427 4226 466 4290 ab
482 4227 617 4291 inimici·
667 4219 805 4283 abello
830 4219 922 4300 quod
946 4218 983 4281 in
1011 4238 1127 4300 regem
1155 4218 1367 4281 Francorum

354 4364 360 4378 .
433 4327 486 4390 tiis
504 4349 616 4390 mou.
688 4319 876 4400 cogitabat.
930 4318 1010 4382 Rex
1027 4327 1155 4382 autem.

425 4426 482 4509 jus
496 4449 550 4490 rer

266 4583 317 4592 —
362 4549 413 4622 29,
424 4548 583 4632 patientia
666 4545 774 4626 ipsius
791 4543 972 4626 patientia.
