3384 5625
654 764 856 812 nncrrorvus
879 763 1011 812 vrmn.
1318 749 1384 812 265

328 945 509 1021 restitutis,
534 946 585 1010 ita
601 946 693 1028 quod
719 952 835 1010 essent
856 946 971 1009 omnia
991 945 1027 1008 in
1045 966 1087 1010 eo
1111 952 1207 1009 statu
1227 953 1263 1009 et
1280 946 1383 1011 liber-

328 1054 399 1110 tate
422 1064 492 1127 qua
515 1054 615 1110 erant
632 1045 687 1109 die
711 1064 781 1127 qua
797 1046 973 1126 ingressus
990 1053 1044 1109 est
1060 1046 1248 1110 civitatem.
1301 1046 1383 1127 Ipse

330 1145 470 1208 tandem
491 1144 565 1208 fieri
587 1146 753 1227 praecepit
776 1144 964 1207 seeundum
991 1143 1082 1226 quod
1108 1144 1383 1225 postulabamus,

330 1243 390 1307 sed
411 1251 552 1307 nonest
572 1243 708 1307 effectui
732 1244 987 1325 mancipatum
1013 1244 1256 1325 supposuimus
1275 1244 1384 1326 igitur

331 1342 506 1406 civitatem
517 1342 711 1407 interdicto.
749 1340 884 1406 Videns
898 1341 1005 1423 igitur
1019 1341 1185 1405 malitiam
1203 1361 1299 1406 suam
1314 1362 1383 1406 non

330 1460 432 1523 posse
454 1440 639 1522 procedere
666 1460 927 1523 usquequaque,
951 1460 1080 1504 moram
1104 1441 1252 1504 interra
1273 1441 1384 1505 noluit

331 1540 467 1603 trahere
499 1540 713 1621 longiorem3
747 1540 829 1616 imo,
861 1559 902 1603 ac.
930 1540 960 1602 si
991 1546 1101 1604 totum
1130 1540 1297 1604 niteretur
1324 1539 1383 1604 de·

328 1646 475 1714 struere,
503 1638 648 1702 balistas
678 1647 714 1703 et
737 1644 932 1701 armaturas
960 1657 981 1701 a
1008 1638 1113 1719 longo
1140 1645 1293 1720 ternpore
1320 1658 1384 1720 pro

331 1737 527 1801 defensione
547 1745 648 1801 terrae
675 1744 869 1801 reservatas
885 1737 976 1818 apud
993 1734 1117 1801 Acbon
1132 1736 1214 1800 lecit
1238 1737 1326 1802 clam
1349 1738 1384 1800 in

333 1837 479 1899 navibus
492 1836 629 1917 deponi,
641 1843 675 1900 et
687 1837 787 1918 plura
798 1835 950 1900 Soldano
966 1836 1170 1918 Babyloniae
1186 1837 1385 1914 transmitti,

334 1935 432 2016 quasi
449 1954 531 1998 caro
548 1955 622 2000 suo.
674 1936 721 1998 Et
735 1936 875 1998 mittens
891 1935 927 1997 in
944 1934 1097 2018 Cyprum
1113 1935 1280 2018 quosdam
1295 1936 1386 1999 mili·

334 2042 386 2095 tes
408 2054 489 2097 suos
514 2034 597 2097 lecit
616 2054 685 2097 non
709 2035 884 2096 minimam
907 2036 951 2097 ab
974 2035 1095 2098 incolis
1121 2036 1303 2116 pecuniam
1325 2054 1386 2097 ex-

335 2135 506 2215 torqueri3
530 2141 576 2207 et,
597 2133 688 2214 quod
709 2132 899 2196 mirabilius
924 2134 1023 2197 nobis
1041 2134 1234 2210 videbatur,
1254 2134 1386 2215 galeias

335 2250 421 2312 quas
438 2233 677 2313 potuitsecum
692 2232 828 2295 trabere
844 2232 1028 2297 destruxit.
1072 2231 1175 2310 Quod
1192 2252 1269 2296 cum
1288 2232 1386 2296 audi-

334 2331 457 2407 vimus,
483 2330 646 2395 duximus
672 2350 748 2394 enm
777 2350 882 2412 super
913 2331 977 2395 hoc
1005 2331 1268 2397 admouendum.
1319 2331 1387 2396 Sed

336 2430 420 2510 ipse,
438 2429 671 2494 admonitione
693 2436 809 2511 spreta
829 2430 932 2493 simul
952 2437 986 2493 et
1002 2432 1225 2508 correctione,
1239 2432 1388 2495 latenter

336 2528 424 2591 festo
447 2528 682 2610 apostolorum
698 2528 851 2611 Philippi
868 2537 903 2591 et
918 2528 942 2592 J
945 2531 1052 2604 acobi,
1071 2549 1133 2611 per
1149 2530 1262 2594 vicum
1279 2549 1387 2594 secre-

338 2634 408 2689 tum
426 2634 461 2690 et
474 2637 612 2709 portum
627 2628 776 2709 galeiam
792 2628 925 2691 intrans
943 2647 1064 2691 versus
1081 2627 1233 2712 Cyprum
1248 2628 1388 2691 festina·

338 2725 400 2800 vit,
428 2725 561 2789 nemine
588 2727 753 2802 salutato,
781 2724 805 2788 J
808 2745 921 2807 oppen
950 2726 1146 2808 relinquens
1175 2727 1388 2804 destitutam,

337 2843 510 2906 nunquam
535 2827 666 2889 utinam
691 2826 874 2889 rediturus
925 2825 1079 2908 Jamjam
1102 2845 1124 2889 a
1145 2826 1283 2890 ballivis
1306 2827 1389 2890 dicti

337 2923 478 2986 Soldani
500 2925 740 2988 intercluditur
765 2926 880 2988 exitus
909 2930 1011 2988 extra
1036 2944 1153 2988 muros
1181 2926 1389 3007 pauperibus
1416 2949 1418 2953 ¹

339 3021 544 3086 Christianis
562 3042 602 3086 ac
620 3024 795 3106 Syrianis3
818 3023 936 3106 plures
958 3024 1076 3105 itaque
1091 3025 1127 3087 in
1144 3025 1201 3088 via
1218 3026 1389 3106 peregrini

337 3112 543 3185 defecerunt.
598 3122 687 3185 Haec
704 3130 740 3185 et
754 3124 864 3185 multa
878 3122 958 3198 alia,
977 3142 1055 3204 quae
1070 3123 1294 3204 relinquimus
1311 3124 1389 3187 aliis

338 3221 539 3296 enarranda,
559 3240 637 3301 quae
659 3221 806 3283 mundus
825 3221 935 3296 novit,
957 3212 1128 3291 commisit
1145 3223 1332 3303 imperator
1353 3223 1389 3285 in

337 3318 454 3382 Terrae
468 3328 598 3383 sanctae
613 3327 648 3382 et
661 3320 785 3381 animae
803 3337 875 3381 suae
889 3318 1131 3382 detrimentum
1143 3339 1151 3397 ;
1176 3339 1258 3401 quae
1272 3320 1391 3383 Domi-

338 3436 403 3479 nus
436 3420 631 3493 miseratuS,
664 3437 742 3480 cum
777 3416 957 3498 placuerit,
992 3417 1152 3498 dignetur
1185 3424 1387 3498 temperare.

339 3515 485 3579 valete?
537 3517 627 3579 Haec
644 3524 759 3579 autem
776 3516 936 3597 epistola,
952 3534 1029 3577 cum
1047 3514 1089 3578 ad
1106 3515 1314 3578 audientiam
1334 3535 1391 3580 oc·

337 3614 557 3678 cidentalium
579 3615 785 3697 perveniret,
807 3634 877 3678 non
898 3612 1114 3677 mediocriter
1134 3613 1261 3677 famam
1285 3614 1390 3696 impe·

337 3713 454 3776 rialem
473 3713 669 3777 obfuscavit
686 3719 721 3776 et
736 3714 922 3776 multorum
942 3712 1092 3776 favorem
1111 3713 1249 3776 ademit.
1292 3713 1391 3794 Papa

318 3820 452 3901 'autem
481 3812 525 3874 ad
553 3811 628 3894 ejus
656 3802 885 3895 dejectionem
912 3811 1112 3892 diligentius
1143 3812 1247 3876 solito
1276 3812 1391 3877 insur-

337 3911 440 3985 rexit,
455 3918 490 3973 et
505 3910 699 3975 collectioni
714 3912 872 3992 pecuniae
886 3910 996 3974 hiavit
1010 3910 1155 3973 avidius.

299 4049 354 4084 PAG.
377 4049 430 4086 uu.

289 4113 362 4185 198,
379 4112 431 4184 24,
449 4109 637 4194 adcepres-
687 4115 723 4172 et
747 4108 934 4172 notabilem
959 4126 1035 4170 eam
1061 4106 1191 4171 fecerat
1218 4106 1390 4171 invective

448 4228 500 4269 sus
709 4215 745 4270 et
778 4206 1020 4288 reprehensiva
1063 4205 1105 4270 de
1137 4205 1325 4269 insatiabili
1356 4212 1391 4269 et

710 4305 883 4369 simoniali
909 4305 1068 4370 avaritia.
1121 4305 1292 4386 Egressus
1326 4323 1389 4367 au·

702 4411 791 4467 ¹tem.

286 4571 337 4582 -
381 4533 435 4607 30,
452 4537 481 4591 et
688 4546 766 4609 quae
784 4527 901 4591 etiam.
