3384 5625
351 765 417 830 246
723 781 921 830 uucrronss
945 781 1078 829 vestm.

356 964 479 1027 fratres
513 970 552 1026 ut
582 970 779 1026 recurratur
809 961 853 1024 ad
886 962 978 1031 solos
1006 958 1183 1023 ministros
1213 957 1459 1041 provinciales,

357 1070 541 1126 teneantur
562 1062 718 1145 praedicti
740 1061 865 1125 fratres
887 1061 930 1124 ad
957 1079 1016 1125 eos
1044 1078 1219 1123 recurrere
1250 1057 1460 1140 quamcitius

358 1162 521 1243 poterint,
552 1164 626 1225 sine
656 1181 764 1225 mora.
817 1160 892 1243 Ipsi
918 1180 1000 1224 vero
1027 1158 1187 1235 ministri,
1208 1157 1239 1229 si
1262 1157 1459 1240 presbyteri

360 1268 453 1336 sunt,
473 1281 550 1324 cum
571 1260 805 1325 misericordia
825 1259 1010 1343 injungant
1032 1259 1293 1341 poenitentiam3
1320 1258 1351 1319 si
1372 1276 1458 1320 vero

358 1360 548 1444 presbyteri
563 1379 633 1424 non
649 1367 743 1435 sunt,
759 1358 893 1442 injungi
915 1358 1045 1422 faciant
1066 1377 1128 1440 per
1149 1357 1237 1421 alios
1258 1355 1459 1420 sacerdotes

358 1458 461 1542 hujus
492 1458 633 1536 ordinis,
667 1459 757 1522 sicut
784 1460 832 1522 eis
858 1458 1045 1522 secuudum
1070 1457 1183 1521 Deum
1212 1455 1335 1520 melius
1362 1454 1456 1520 vide·

359 1560 452 1622 bitur
469 1559 642 1641 expedire.
695 1558 741 1621 Et
755 1577 878 1622 cavere
898 1558 1081 1622 debentne
1102 1558 1297 1620 irascantur
1317 1562 1354 1619 et
1376 1574 1458 1618 eon-

362 1660 541 1721 turbentur
557 1664 698 1741 propter
714 1666 894 1740 peccatum
911 1657 1070 1740 alicujus,
1085 1656 1246 1739 quoniam
1260 1656 1314 1719 ira
1330 1661 1366 1719 et
1374 1673 1458 1718 con-

361 1758 512 1821 turbatio
529 1758 566 1822 in
582 1776 620 1821 se
636 1764 672 1821 et
688 1757 724 1819 in
739 1756 816 1819 aliis
831 1757 1024 1839 impediunt
1038 1756 1230 1820 caritatem.

443 1922 492 1985 Dc
508 1920 646 1986 electione
654 1921 807 2007 pecoralis
822 1920 971 1998 ministri,
987 1928 1014 1985 ct
1030 1918 1167 2004 capitulo
1181 1920 1376 1984 Pentecostes,

411 2053 596 2117 ‘Universi
618 2052 742 2117 fratres
769 2073 873 2116 unum
901 2053 943 2117 de
968 2052 1134 2115 fratribus
1157 2052 1257 2116 istius
1279 2051 1458 2133 religionis

360 2159 543 2217 teneantur
559 2171 694 2234 semper
707 2152 834 2217 babere
851 2152 1045 2234 generalem
1063 2152 1257 2215 ministrum
1270 2158 1306 2214 et
1319 2170 1458 2215 servum

361 2252 468 2315 totius
485 2250 724 2328 fraternitatis,
742 2259 777 2315 et
792 2252 822 2315 ei
840 2259 1024 2316 teneantur
1036 2250 1178 2314 firmiter
1190 2250 1338 2314 obedire.
1376 2248 1456 2328 Quo

360 2350 557 2425 decedente,
583 2350 704 2414 electio
728 2351 936 2415 successoris
962 2350 1024 2413 fiat
1051 2369 1073 2413 a
1099 2348 1267 2413 ministris
1286 2348 1459 2431 provinci-

359 2450 471 2520 alibus
488 2456 523 2512 et
539 2449 738 2513 custodibus
756 2450 791 2512 in
806 2450 958 2532 capitulo
975 2449 1209 2524 Pentecostes,
1232 2448 1269 2511 in
1290 2466 1359 2530 quo
1378 2466 1456 2529 pro·

359 2548 523 2613 vinciales
553 2547 699 2612 ministri
727 2556 911 2613 teneantur
939 2567 1073 2631 semper
1097 2548 1236 2611 insimul
1263 2546 1458 2623 conuenire,

358 2650 553 2730 ubicunque
570 2668 592 2711 a
608 2647 762 2729 generali
775 2648 933 2713 ministro
950 2648 1052 2712 fuerit
1070 2648 1316 2725 constitutum
1341 2652 1378 2709 et
1390 2645 1457 2709 hoc

359 2748 465 2812 semel
486 2749 522 2811 in
548 2748 659 2812 tribus
683 2748 795 2825 annis,
817 2749 874 2812 vel
900 2748 942 2813 ad
963 2747 1068 2811 alium
1090 2747 1273 2811 terminum
1290 2744 1458 2831 majorem

301 2834 311 2854 ⁰
359 2848 415 2911 vel
444 2849 620 2923 minorem,
651 2848 741 2911 sicut
773 2868 795 2912 a
816 2848 982 2929 praedicto
1010 2848 1169 2910 ministro
1196 2845 1299 2909 fuerit
1329 2835 1458 2911 consti·
1550 2905 1553 2910 .

359 2954 472 3009 tutum
501 2953 537 3009 et
566 2945 771 3010 ordinatum.
825 2946 872 3008 Et
902 2947 931 3008 si
958 2945 1074 3027 aliquo
1107 2953 1260 3027 tempore
1289 2951 1459 3026 appareat

359 3044 578 3108 universitati
595 3045 829 3107 ministrorum
843 3044 1105 3126 provincialium
1124 3051 1160 3109 et
1174 3043 1354 3108 custodum
1370 3061 1458 3126 prae-
1480 3120 1482 3124 Α

359 3143 488 3205 dictum
506 3142 699 3206 ministrum
716 3163 785 3206 non
808 3162 884 3206 esse
908 3142 1133 3207 sufficientem
1158 3143 1202 3207 ad
1222 3142 1400 3206 servitium
1422 3149 1460 3206 et

358 3260 570 3305 communem
585 3242 771 3306 utilitatem
786 3241 943 3318 fratrum,
956 3250 1140 3306 teneantur
1154 3241 1311 3325 praedicti
1320 3241 1459 3318 fratres,

358 3342 483 3422 quibus
507 3341 630 3405 electio
654 3341 739 3405 data
773 3350 837 3419 est,
865 3343 901 3405 in
930 3342 1065 3405 nomine
1092 3340 1234 3404 Domini
1259 3340 1364 3404 alium
1392 3340 1459 3404 sibi

358 3439 484 3520 eligere
510 3441 547 3503 in
569 3442 756 3504 custodem.
810 3441 898 3505 Post
919 3440 1108 3523 capitulum
1134 3460 1217 3504 vero
1233 3439 1458 3504 Pentecostes

358 3539 505 3602 ministri
525 3547 659 3603 tautum
686 3548 722 3604 et
743 3540 904 3604 custodes
920 3541 1055 3623 possint
1069 3538 1208 3620 singuli,
1223 3540 1253 3603 si
1269 3538 1455 3615 voluerint,

357 3647 393 3700 et
408 3645 448 3701 ut
463 3639 512 3700 eis
527 3638 690 3720 expedire
704 3638 888 3714 videbitur,
912 3639 1030 3703 eodem
1047 3657 1138 3702 anno
1154 3639 1190 3701 iu
1205 3641 1277 3702 suis
1292 3638 1458 3702 custodiis

357 3736 463 3799 semel
477 3735 604 3799 fratres
617 3755 699 3799 suos
717 3736 761 3799 ad
778 3737 969 3818 capitulum
984 3757 1187 3802 convocare.

438 3897 536 3961 Nulli
543 3899 692 3982 fratrum
700 3898 877 3982 praedicare
894 3898 964 3964 licet
979 3899 1043 3964 sinc
1056 3922 1197 3966 consecra
1214 3901 1388 3966 diocesani.

408 4029 570 4094 ‘Fratres
598 4050 667 4094 nou
697 4031 886 4112 praedicent
916 4033 952 4096 in
980 4033 1181 4115 episcopatu
1212 4032 1359 4115 alicujus
1374 4033 1461 4115 epi·

357 4132 454 4212 scopi
482 4150 558 4193 cum
585 4131 629 4193 ab
651 4130 711 4193 illo
734 4129 802 4193 illis
826 4131 929 4195 fuerit
953 4132 1216 4196 contradictum.
1269 4131 1315 4195 Et
1340 4131 1457 4195 nullus

355 4231 501 4293 fratrum
518 4228 647 4310 populo
660 4229 798 4309 penitus
815 4230 943 4294 audeat
959 4231 1159 4312 praedicare,
1177 4230 1243 4293 nisi
1261 4250 1283 4294 a
1298 4230 1457 4294 ministro

356 4327 507 4408 generali
529 4326 633 4408 hujus
661 4326 888 4392 fraternitatis
910 4328 1014 4393 fuerit
1035 4329 1255 4392 examinatus
1278 4337 1313 4393 et
1330 4348 1458 4411 appro-

354 4428 469 4498 batus,
493 4431 529 4487 et
554 4426 597 4488 ab
622 4443 664 4488 eo
690 4426 755 4490 sibi
786 4426 934 4491 officium
961 4427 1217 4511 praedicationis
1244 4446 1455 4491 concessum.

357 4525 485 4588 Moneo
514 4542 651 4604 quoque
676 4532 712 4588 et
736 4524 902 4589 exhortor
925 4526 1060 4590 eosdem
1086 4526 1222 4603 fratres,
1239 4535 1278 4591 ut
1301 4527 1337 4589 in
1368 4545 1458 4608 prae·
