3384 5625
337 725 382 787 90
712 740 914 787 nucrronns
938 741 1072 787 vnnrn.

337 922 488 1002 negotio.
542 919 644 1000 Quod
672 941 749 984 cum
785 928 911 986 cuncta
942 922 1077 985 rediens
1104 922 1363 1005 archiepiscopo
1392 943 1446 987 re-

337 1022 510 1085 nuntiaret
533 1021 634 1084 vultu
657 1021 805 1084 demisso
831 1040 872 1084 ac
896 1022 1000 1095 tristi,
1020 1022 1197 1104 respondit
1218 1022 1446 1106 archiepisco-

337 1140 404 1203 pus
421 1122 611 1203 suspiranS,
627 1120 731 1183 ‘Sine
748 1120 863 1195 modo,
881 1121 955 1183 sinc
965 1121 1074 1184 'modo
1084 1122 1107 1199 3'
1135 1128 1170 1184 et
1183 1140 1324 1185 movens
1340 1130 1446 1203 caput

337 1219 469 1283 addidit
490 1221 589 1303 quasi
611 1220 735 1301 spiritu
757 1220 972 1301 prophetico,
990 1219 1158 1297 ‘Siccine
1177 1222 1303 1284 siccine
1321 1221 1443 1284 adesse

337 1318 500 1384 festinant
528 1326 684 1401 tempora
700 1319 1006 1383 consummationis
1020 1320 1046 1383 l'
1098 1317 1218 1383 Abbas
1242 1329 1357 1384 autern
1376 1340 1445 1384 non

337 1418 509 1482 intellexit
531 1420 686 1496 verbum,
711 1418 773 1481 sed
796 1428 918 1501 postea
940 1420 1054 1482 omnia
1080 1426 1276 1501 patuerunt
1328 1419 1375 1481 Et
1395 1420 1444 1481 in-

337 1524 438 1581 tuens
453 1518 568 1600 ipsum
585 1519 747 1582 abbatem
763 1517 864 1581 oculo
888 1518 1043 1599 piissimo
1069 1526 1103 1581 et
1124 1518 1194 1581 sere
1216 1518 1444 1600 lachrymanti

333 1618 395 1693 ait,
410 1623 421 1653 ⁴
435 1616 582 1682 Domine
596 1619 715 1694 abbas,
732 1624 850 1699 grates
865 1618 928 1681 tibi
943 1617 1053 1681 refero
1069 1636 1110 1681 ac
1127 1619 1249 1681 uberes
1266 1617 1309 1680 de
1325 1617 1444 1681 labore

334 1724 395 1780 tuo
412 1718 495 1781 licet
510 1718 624 1782 inutili
637 1736 646 1794 ;

520 1874 618 1931 ‘Non¹
634 1884 678 1932 est
691 1875 718 1931 in
734 1874 844 1931 medico
859 1893 970 1951 semper
984 1873 1126 1931 relevetur
1139 1883 1172 1930 ut
1185 1893 1279 1950 aeger3

537 1970 686 2028 Interdum
701 1970 795 2027 valida
808 1970 872 2047 plus
887 1970 962 2027 valet
976 1978 1037 2027 arte
1050 1969 1174 2027 malum!

336 2123 384 2187 Et
394 2122 587 2206 subjunxit,
601 2121 680 2185 ‘sed
693 2122 814 2203 etipse
826 2122 980 2202 portabit
990 2122 1064 2185 sine
1075 2122 1239 2185 dilatione
1245 2121 1443 2204 judicium3’

336 2230 373 2285 et
411 2222 597 2303 respiciens
637 2220 780 2284 clericos
819 2220 1107 2284 circumsedentes
1145 2220 1277 2283 addidit
1316 2220 1444 2297 dicenS,

337 2320 462 2396 ‘Ecce,
494 2320 596 2383 amici
626 2320 705 2395 mei,
735 2318 818 2401 quid
844 2320 1004 2400 contigit,
1031 2320 1109 2402 plus
1136 2319 1218 2383 fecit
1245 2319 1328 2381 mihi
1352 2339 1443 2382 nunc

338 2419 494 2500 obsequii
510 2427 546 2482 et
561 2418 739 2482 civilitatis
751 2418 817 2481 iste
831 2418 950 2493 abbas,
965 2419 1024 2499 qui
1041 2420 1076 2481 in
1098 2419 1194 2481 nullo
1211 2418 1294 2481 mihi
1307 2425 1445 2482 tenetur

337 2518 524 2598 obligatus,
540 2536 643 2599 quam
660 2536 778 2580 omnes
795 2516 985 2580 confratres
1002 2526 1038 2580 et
1052 2516 1261 2598 suffraganei
1283 2518 1351 2580 mei
1373 2510 1445 2600 epi-

337 2618 434 2700 scopi
447 2617 468 2697 ;'
501 2623 716 2699 praeceperat
746 2616 837 2679 enim
866 2617 973 2679 abbas
1005 2616 1166 2680 recedens
1195 2616 1287 2698 apud
1313 2616 1445 2681 Wood-

337 2715 459 2783 stocke
481 2717 621 2780 cellario
646 2735 722 2790 suo,
752 2722 791 2779 ut
817 2715 973 2797 quotidie
996 2716 1109 2798 ipsum
1136 2715 1444 2797 archiepiscopum,

336 2817 397 2900 qui
429 2837 537 2899 prope
568 2825 654 2892 erat,
683 2815 842 2878 munifice
866 2816 1035 2880 visitaret.
1091 2814 1179 2879 Cum
1207 2816 1314 2897 igitur
1336 2816 1444 2879 abbas

337 2916 476 2979 domum
492 2914 666 2979 rediturus
689 2921 823 2996 peteret
837 2913 1132 2995 archiepiscopum
1150 2914 1323 2991 obnixius,
1342 2915 1444 2997 junc-

337 3015 383 3078 tis
400 3014 570 3090 manibus,
586 3021 626 3077 ut
640 3013 841 3094 dignaretur
858 3013 1014 3076 caritatis
1036 3014 1163 3079 intuitu
1179 3013 1317 3077 domum
1332 3015 1444 3076 sancti

338 3110 468 3177 Albani
488 3113 530 3176 ad
555 3111 696 3188 Natale,
717 3111 810 3194 quod
832 3110 1043 3187 imminebat,
1069 3132 1133 3176 sua
1155 3112 1445 3176 desideratissima

338 3213 525 3294 praesentia
542 3212 727 3287 illustrare,
750 3218 785 3273 et
801 3217 918 3273 tenere
940 3210 1064 3273 ibidem
1091 3211 1216 3274 festum
1234 3209 1364 3274 Christi
1383 3231 1445 3274 na·

338 3310 486 3376 tivitatis
510 3320 546 3374 et
567 3310 709 3392 Angliae
731 3310 1005 3392 protomartyris,
1036 3310 1212 3392 respondit
1240 3309 1370 3374 obortis
1396 3309 1445 3373 la-

338 3410 488 3492 chrymis
503 3409 740 3493 archipraesul,
756 3414 766 3444 ‘
782 3408 813 3473 0
829 3429 932 3491 quam
947 3409 1092 3472 libenter
1108 3409 1243 3484 vellem,
1259 3407 1319 3472 sed
1334 3409 1445 3473 multo

337 3511 438 3574 aliter
452 3510 630 3574 definitum
647 3516 720 3586 est3
744 3508 832 3572 vade
850 3509 885 3570 in
902 3526 998 3589 pace,
1013 3515 1112 3590 pater
1132 3507 1329 3584 carissime;
1356 3508 1445 3571 vade

315 3609 381 3672 'ad
414 3609 593 3672 ecclesiam
628 3614 737 3683 tuam,
771 3625 876 3687 quam
911 3605 1082 3671 Dominus
1115 3615 1319 3685 conservet3
1355 3606 1446 3670 vado

336 3714 453 3771 autem
476 3706 520 3769 ad
545 3725 654 3769 meam
678 3704 903 3768 sufficientem
922 3705 1192 3782 excusationem,
1208 3724 1315 3788 quare
1330 3711 1444 3769 tecum

336 3825 405 3870 non
420 3805 532 3869 venio.
585 3803 653 3867 Sed
667 3811 707 3867 tu
725 3804 854 3886 potius,
872 3804 902 3866 si
917 3804 991 3868 fieri
1007 3813 1134 3887 potest,
1151 3823 1284 3867 mecum
1300 3804 1391 3881 veni,
1406 3812 1445 3868 ut

335 3924 432 3968 meus
464 3905 513 3967 sis
536 3903 695 3979 conviva,
717 3910 752 3966 et
777 3903 812 3965 in
835 3903 1129 3980 tribulationibus,
1149 3904 1275 3986 quihus
1295 3902 1445 3980 abundo,

335 4000 554 4068 consolator)
615 4002 720 4081 Quod
747 4019 825 4065 cnm
859 4003 1038 4080 renuisset,
1071 4003 1154 4085 quia
1185 4003 1339 4085 oportuit
1366 4022 1444 4068 eum

335 4103 511 4168 solemniis
531 4121 604 4165 suae
623 4103 788 4166 interesse
807 4102 964 4166 ecclesiae
987 4103 1023 4164 in
1047 4109 1147 4165 tanta
1167 4102 1370 4178 festivitate,
1389 4121 1445 4166 ac-

334 4210 435 4285 cepta
464 4201 700 4265 benedictione
718 4202 826 4265 abbas
849 4202 1002 4265 recessit.
1054 4200 1084 4263 0
1114 4202 1255 4282 quantis
1284 4201 1445 4264 lamentis

525 4363 534 4397 ¹
547 4367 606 4414 Non
618 4367 693 4415 estin
705 4368 803 4416 medico
814 4382 913 4430 semper
924 4368 1049 4416 relevetur
1059 4371 1089 4414 ut
1100 4382 1185 4428 aeger3

546 4435 677 4484 Interdum
689 4439 758 4485 docta
769 4439 828 4498 plus
840 4439 907 4487 valet
919 4442 972 4486 arte
982 4436 1085 4484 malum.

931 4506 1009 4555 Ovid.
1021 4505 1088 4565 Epp.
1100 4519 1131 4553 ex
1145 4506 1236 4569 Ponto,
1248 4519 1266 4556 1.
1280 4506 1317 4554 iii.
1333 4510 1370 4554 17.
