3384 5625
295 772 359 838 192
661 786 861 834 nncmouns
885 787 1019 834 vnnrn.

304 913 360 948 PAG.
385 911 437 947 ult.

296 977 370 1049 333,
409 975 441 1047 2,
459 993 514 1036 rea
693 972 880 1056 praedictus
895 972 1042 1037 erudelis
1060 991 1135 1051 rex,
1152 973 1256 1037 immo
1272 993 1397 1038 cruen-

716 1081 773 1135 tus
789 1070 847 1135 ille
865 1078 1044 1155 tyrannus.

293 1241 344 1252 —
411 1202 442 1276 3,
460 1201 557 1263 Bonas
695 1196 821 1273 Boves,
836 1196 1008 1261 seductori
1027 1195 1187 1279 fugitivo.

293 1366 344 1377 -
410 1324 440 1397 6,
457 1322 535 1386 Sed.
550 1370 557 1385 .
570 1368 576 1382 .
587 1341 643 1384 oo·
694 1319 821 1383 Eorum
840 1328 956 1384 autem
969 1339 1072 1384 casus
1087 1339 1166 1383 curn
1182 1319 1225 1384 ad
1245 1338 1373 1401 regem.

458 1423 561 1485 titiam

293 1587 344 1596 -
411 1548 444 1621 9,
452 1546 628 1629 permansit
693 1546 755 1609 vix
780 1565 816 1608 se
836 1552 959 1628 potens
980 1562 1104 1627 capere
1123 1544 1159 1606 in
1184 1562 1303 1608 amaro
1330 1545 1398 1608 fre-

716 1644 803 1707 mitu
822 1645 973 1726 seipsum
999 1643 1212 1708 corrodebat.
1265 1642 1395 1708 Eadem

716 1750 830 1820 nocte,
859 1762 928 1825 qua
952 1743 1053 1825 periit
1074 1741 1182 1824 Hugo
1200 1742 1243 1806 de
1268 1743 1395 1820 Boves,

716 1842 809 1906 sacta
823 1851 877 1905 est
894 1850 1081 1925 tempestas
1098 1840 1265 1918 inaudita,
1281 1842 1394 1926 qualis

718 1962 787 2005 non
819 1942 1095 2023 praevidebatur3
1126 1940 1258 2005 scilicet
1287 1943 1394 2020 venti,

717 2041 858 2123 pluviae,
880 2042 1041 2117 tonitrus,
1069 2049 1104 2105 et
1128 2041 1394 2105 coruscationes.

718 2140 876 2222 Contigit
901 2147 940 2204 ut
966 2160 1010 2203 ex
1037 2140 1164 2204 virtute
1191 2140 1394 2205 obedientiae

718 2241 872 2321 oportuit
903 2239 1073 2321 quendam
1110 2240 1316 2303 monachum
1353 2239 1395 2303 de

717 2346 838 2401 sancto
882 2338 1021 2403 Albano
1067 2346 1261 2402 manentem
1303 2339 1395 2421 apud

718 2436 879 2513 Binbam‚
929 2436 1121 2500 Robertum
1171 2437 1307 2502 nomine
1353 2437 1395 2501 de

717 2535 899 2613 Westuna,
930 2543 968 2599 ut
999 2537 1064 2599 iret
1101 2536 1145 2599 ad
1183 2537 1394 2614 Norwicum,

718 2643 765 2712 et,
802 2655 881 2699 cum
914 2636 951 2698 in
983 2636 1094 2699 medio
1125 2635 1258 2700 itineris
1292 2643 1394 2713 esset,

718 2744 796 2799 orta
819 2741 872 2798 est
891 2735 952 2798 illa
976 2741 1174 2818 tempestas,
1197 2742 1232 2799 et
1245 2736 1394 2800 medium

718 2836 828 2899 noctis
856 2842 942 2910 erat,
970 2842 1004 2898 et
1020 2835 1104 2899 vidit
1126 2834 1317 2900 exercitum
1342 2837 1395 2899 in-

718 2934 961 2996 numerabilem
1009 2933 1248 3016 equitantium,
1288 2954 1395 3019 equos

717 3032 889 3096 maximos
917 3039 952 3095 et
977 3033 1107 3114 nigros,
1133 3052 1211 3096 cum
1241 3034 1394 3099 candelis

717 3131 923 3214 sulphureis
938 3151 1082 3213 quorum
1101 3152 1169 3196 non
1187 3141 1262 3196 erat
1280 3154 1395 3198 nnme-

718 3251 787 3306 rus,
808 3232 868 3314 qui
895 3238 930 3294 et
953 3230 1018 3313 ipsi
1048 3233 1216 3296 monacho
1240 3231 1395 3297 adbaere-

715 3332 800 3395 bant
817 3331 1005 3395 secundum
1021 3330 1192 3413 quendam
1211 3324 1393 3397 ¹ordinem.

295 3492 347 3504 -
390 3458 646 3535 18,‹lianoloareot
695 3476 757 3540 pro
786 3474 889 3537 posse
921 3454 1173 3532 dissolverent3
1211 3456 1301 3519 unde
1329 3456 1397 3539 ipsi

715 3555 838 3618 inclusi
877 3573 983 3636 supra
1025 3552 1164 3617 modum
1205 3555 1395 3635 angustiati

714 3672 807 3734 saepe
833 3672 909 3715 cum
934 3651 1212 3716 lamentabilibus
1237 3654 1394 3736 suspiriis

717 3750 890 3826 dicebant,
902 3751 950 3813 ‘0
970 3752 1118 3834 perjure,
1135 3751 1307 3836 Operfide
1325 3752 1397 3816 Ro·

714 3851 812 3913 berte
826 3848 876 3911 lili
889 3848 1057 3915 Walteri!
1081 3850 1139 3913 ubi
1156 3859 1238 3916 sunt
1254 3851 1396 3915 fallaces

715 3948 959 4030 promissiones
984 3957 1066 4026 tuae,
1088 3951 1297 4015 assertiones
1317 3970 1395 4014 cum

711 4047 939 4131 jurejurando
950 4049 978 4112 l'

297 4216 347 4227 -
392 4176 444 4250 20,
461 4172 507 4236 ad
519 4192 611 4236 amna
693 4172 785 4237 addit
800 4172 926 4250 Paris,
943 4173 1002 4237 sed
1020 4173 1120 4236 nimis
1135 4192 1223 4236 sero.

332 4363 341 4395 ¹
356 4362 494 4423 Ordinem]
518 4365 548 4414 0.
560 4363 633 4426 adds,
644 4365 671 4413 iu
680 4379 713 4413 no
726 4379 788 4425 very
795 4365 833 4413 iu·
858 4378 911 4414 nna
921 4368 947 4412 et
961 4363 1065 4424 quidam
1079 4365 1164 4424 garcio
1178 4361 1249 4429 (cum
1265 4363 1338 4426 virga
1353 4377 1398 4412 vo·

296 4433 658 4495 telligiblelorm,‘1ncrinis
674 4449 796 4495 equorum
807 4438 833 4483 et
858 4434 907 4483 luit
926 4448 983 4482 eum
1000 4429 1140 4501 deponam)
1157 4437 1183 4481 et
1198 4433 1307 4484 adbaesit
1326 4447 1396 4484 sum·

297 4504 387 4565 cappis
404 4508 430 4551 et
440 4503 546 4564 capellis
562 4508 588 4551 et
598 4504 625 4552 iu
636 4505 744 4566 capucio
755 4504 833 4564 finali,
858 4504 940 4552 mitati
954 4504 1043 4564 rirgae,
1064 4507 1089 4550 et
1104 4502 1156 4552 iere
1172 4517 1259 4554 omnes
1274 4504 1301 4552 in
1317 4516 1395 4566 parvo

298 4573 366 4634 quod
383 4578 456 4623 extra
472 4574 602 4635 appellum
613 4575 747 4636 apperuit3
763 4574 833 4624 stetit
858 4577 969 4634 tempore
980 4567 1114 4622 obierunt?
