3384 5625
662 756 862 805 nncrrouns
886 757 1020 805 vaura.
1329 738 1395 805 279

299 879 356 914 PAG.
382 878 434 915 MN·

293 938 369 1015 257,
388 943 442 1016 31,
458 941 610 1005 aucmento
692 951 826 1025 patruo,

292 1107 343 1116 —
388 1067 442 1138 35,
456 1064 539 1128 attis
553 1067 646 1130 dictis
694 1087 735 1132 ac
757 1069 811 1131 vir
832 1069 1051 1149 sanguinum,
1075 1068 1111 1131 in
1133 1087 1221 1145 eum,
1248 1068 1307 1150 qui
1335 1068 1391 1131 diu

461 1211 468 1226 .
487 1212 495 1228 .
517 1167 644 1250 .er
716 1167 799 1230 mihi
813 1168 966 1250 meisque
976 1169 1251 1232 antecessoribus
1265 1169 1300 1231 in
1310 1168 1394 1231 mul-

459 1263 541 1329 dara
718 1267 763 1331 tis
781 1267 926 1332 servivit
941 1268 1114 1351 periculis,
1125 1268 1204 1349 plus
1219 1268 1396 1350 pensando

717 1367 821 1444 mala,
851 1386 928 1450 quae
955 1367 1068 1432 adhuc
1090 1387 1159 1431 non
1181 1375 1264 1432 sunt
1285 1366 1395 1430 mani·

718 1466 806 1530 festa
836 1485 878 1529 ac
906 1486 968 1548 pro
992 1486 1074 1530 vero
1104 1467 1261 1549 probata,
1293 1486 1396 1548 quam

717 1566 828 1629 muita
844 1567 947 1643 bona,
964 1566 1007 1629 de
1023 1567 1147 1648 quibus
1165 1585 1271 1647 regno
1287 1573 1322 1629 et
1336 1585 1397 1629 no-

719 1666 772 1729 bis
806 1672 943 1729 constat
972 1665 1154 1742 universis,
1185 1666 1396 1729 retribuere.'

720 1764 777 1842 Et,
802 1764 856 1828 his
878 1765 990 1842 dictis,
1013 1764 1124 1829 flexus
1146 1765 1194 1827 in'
1208 1765 1397 1828 misericor·

719 1864 810 1927 diam
826 1864 996 1928 concessit
1013 1864 1173 1928 Huberto
1196 1883 1314 1928 omnes
1331 1872 1396 1928 ter-

719 1984 788 2043 ras,
811 1984 898 2047 quas
914 1984 957 2027 ox
975 1963 1066 2028 dono
1081 1963 1190 2048 patris
1208 1964 1262 2027 sui
1279 1964 1334 2028 vel
1352 1984 1396 2029 ex

718 2065 890 2146 emptione
906 2063 1117 2146 possidebat,
1131 2075 1169 2126 ut
1179 2064 1257 2127 inde
1273 2064 1339 2128 sibi
1356 2082 1398 2127 ac

719 2164 791 2226 suis
806 2163 1000 2227 necessaria
1016 2163 1222 2245 provideret.
1257 2161 1308 2226 At
1321 2163 1398 2226 Hu-

718 2264 836 2327 bertus
870 2263 1122 2345 aliquantulum
1157 2263 1230 2346 jam
1264 2270 1398 2327 erectus

720 2363 900 2427 constituit
931 2363 1152 2444 providenter
1185 2362 1320 2427 fidelem
1358 2381 1399 2426 ac

721 2463 900 2545 providum
917 2482 1023 2545 supra
1040 2470 1150 2526 terras
1170 2462 1235 2525 sibi
1259 2481 1399 2526 conces·

720 2580 778 2625 sas
829 2563 1006 2625 custodem
1049 2581 1090 2625 ac
1137 2561 1399 2638 seneschallum,

722 2661 946 2724 Laurentium
980 2660 1123 2738 scilicet,
1158 2660 1319 2724 clericum
1356 2660 1398 2723 de

720 2768 840 2825 sancto
855 2760 1006 2839 Albano,
1028 2760 1087 2843 qui
1110 2761 1147 2825 in
1167 2761 1324 2825 omnibus
1342 2758 1400 2824 tri-

721 2861 955 2925 bulationibus
970 2860 1078 2924 eidem
1094 2860 1229 2924 exstitit
1240 2860 1400 2924 Huberto

722 2961 882 3025 solatium
901 2960 1077 3042 singulare
1096 2969 1131 3024 et
1147 2961 1330 3024 immobilis
1345 2979 1400 3024 co

722 3061 840 3124 lumna
855 3061 1022 3126 veritatis.

301 3190 375 3264 258,
415 3189 446 3264 3,
453 3187 564 3270 frater
587 3229 646 3247 ...
697 3185 815 3249 desum.

462 3281 643 3347 dictandus

466 3404 560 3447 comas

300 3552 350 3562 -
397 3511 447 3584 14,
465 3507 543 3571 desit
699 3500 796 3564 deest
812 3499 857 3563 ad
872 3495 1165 3563 consuetudinem.

303 3634 378 3707 263,
396 3633 447 3707 19,
466 3631 552 3694 dieto
566 3630 652 3711 saffi-
699 3631 781 3688 sunt
795 3622 1027 3687 manifestata.

466 3730 552 3793 ciant

302 3898 353 3907 —
397 3890 442 3902 -
466 3853 621 3936 sufficiunt
700 3849 792 3914 addit
812 3848 938 3924 Paris,
964 3847 1053 3910 Item
1079 3843 1217 3927 scripsit
1243 3839 1402 3904 dominus

724 3967 817 4031 papa
834 3966 939 4029 super
961 3945 1080 4009 eadem
1103 3942 1301 4007 visitatione
1320 3939 1403 4003 faci-

724 4047 814 4109 enda
828 4046 865 4107 in
889 4044 1042 4108 ecclesiis
1062 4041 1245 4123 exemptis,
1265 4041 1300 4101 in
1325 4058 1402 4120 pro·

726 4145 838 4208 vincia
870 4142 1110 4207 cantuariensi
1142 4140 1230 4215 sitis,
1262 4138 1298 4200 in
1326 4135 1400 4198 haec

724 4245 851 4322 verba3
878 4241 1094 4322 ‘Gregorius
1119 4239 1310 4322 episcopus,
1334 4253 1402 4298 ser-

725 4363 789 4407 vus
809 4359 986 4406 servorum
1008 4340 1087 4417 Dei,
1110 4339 1244 4403 dilectis
1262 4336 1341 4398 filiis
1358 4334 1400 4397 de

725 4443 850 4519 Boxle,
876 4440 1125 4516 cisterciensis,
1159 4445 1194 4502 ct
1219 4437 1262 4500 de
1287 4434 1400 4500 Beke·

726 4542 818 4619 ham,
835 4539 1179 4605 Praemonstratensis
1194 4536 1334 4612 ordinis,
1345 4534 1401 4597 ab·
