<?xml version="1.0" encoding="UTF-8"?>
<!DOCTYPE html PUBLIC "-//W3C//DTD XHTML 1.0 Transitional//EN"
    "http://www.w3.org/TR/xhtml1/DTD/xhtml1-transitional.dtd">
<html xmlns="http://www.w3.org/1999/xhtml" xml:lang="en" lang="en">
 <head>
  <title>
</title>
<meta http-equiv="Content-Type" content="text/html;charset=utf-8" />
  <meta name='ocr-system' content='tesseract 3.04.00' />
  <meta name='ocr-capabilities' content='ocr_page ocr_carea ocr_par ocr_line ocrx_word'/>
</head>
<body>
  <div class='ocr_page' id='page_1' title='image "./rogeridewendove00rogegoog_0250.png"; bbox 0 0 3384 5625; ppageno 0'>
   <div class='ocr_carea' id='block_1_1' title="bbox 292 768 1025 833">
    <p class='ocr_par' dir='ltr' id='par_1_1' title="bbox 292 768 1025 833">
     <span class='ocr_line' id='line_1_1' title="bbox 292 768 1025 833; baseline -0.015 0"><span class='ocrx_word' id='word_1_1' title='bbox 292 768 358 833; x_wconf 81' lang='grc'>228</span> <span class='ocrx_word' id='word_1_2' title='bbox 668 777 868 826; x_wconf 79' lang='lat' dir='ltr'>nncrrouns</span> <span class='ocrx_word' id='word_1_3' title='bbox 891 775 1025 823; x_wconf 74' lang='lat' dir='ltr'>vaura.</span> 
     </span>
    </p>
   </div>
   <div class='ocr_carea' id='block_1_2' title="bbox 345 956 1402 1147">
    <p class='ocr_par' dir='ltr' id='par_1_2' title="bbox 345 956 1402 1147">
     <span class='ocr_line' id='line_1_2' title="bbox 345 956 1402 1048; baseline -0.014 -19"><span class='ocrx_word' id='word_1_4' title='bbox 345 965 439 1029; x_wconf 90' lang='lat' dir='ltr'>tham</span> <span class='ocrx_word' id='word_1_5' title='bbox 472 961 682 1048; x_wconf 82' lang='lat' dir='ltr'>[waltham]</span> <span class='ocrx_word' id='word_1_6' title='bbox 710 963 745 1025; x_wconf 89' lang='lat' dir='ltr'>in</span> <span class='ocrx_word' id='word_1_7' title='bbox 773 961 880 1024; x_wconf 91' lang='lat' dir='ltr'>nobili</span> <span class='ocrx_word' id='word_1_8' title='bbox 907 956 1124 1041; x_wconf 82' lang='lat' dir='ltr'>sarcophago</span> <span class='ocrx_word' id='word_1_9' title='bbox 1151 971 1348 1030; x_wconf 87' lang='lat' dir='ltr'>marmoreo</span> <span class='ocrx_word' id='word_1_10' title='bbox 1368 958 1402 1015; x_wconf 91' lang='lat' dir='ltr'>et</span> 
     </span>
     <span class='ocr_line' id='line_1_3' title="bbox 345 1053 1212 1147; baseline -0.013 -20"><span class='ocrx_word' id='word_1_11' title='bbox 345 1065 519 1147; x_wconf 90' lang='lat' dir='ltr'>insculpto</span> <span class='ocrx_word' id='word_1_12' title='bbox 535 1064 684 1127; x_wconf 85' lang='lat' dir='ltr'>traditur</span> <span class='ocrx_word' id='word_1_13' title='bbox 700 1054 1108 1144; x_wconf 69' lang='lat' dir='ltr'>sepultura-omitted</span> <span class='ocrx_word' id='word_1_14' title='bbox 1124 1054 1161 1117; x_wconf 92' lang='lat' dir='ltr'>in</span> <span class='ocrx_word' id='word_1_15' title='bbox 1178 1053 1212 1117; x_wconf 88' lang='lat'>0.</span> 
     </span>
    </p>
   </div>
   <div class='ocr_carea' id='block_1_3' title="bbox 295 1203 442 1241">
    <p class='ocr_par' dir='ltr' id='par_1_3' title="bbox 295 1203 442 1241">
     <span class='ocr_line' id='line_1_4' title="bbox 295 1203 442 1241; baseline 0.007 -2"><span class='ocrx_word' id='word_1_16' title='bbox 295 1204 352 1241; x_wconf 72' lang='lat' dir='ltr'>PAO.</span> <span class='ocrx_word' id='word_1_17' title='bbox 389 1203 442 1240; x_wconf 78' lang='lat' dir='ltr'>unt.</span> 
     </span>
    </p>
   </div>
   <div class='ocr_carea' id='block_1_4' title="bbox 297 1262 1376 2090">
    <p class='ocr_par' dir='ltr' id='par_1_4' title="bbox 297 1262 785 1342">
     <span class='ocr_line' id='line_1_5' title="bbox 297 1262 785 1342; baseline -0.006 -14"><span class='ocrx_word' id='word_1_18' title='bbox 297 1268 349 1341; x_wconf 90' lang='lat'>80,</span> <span class='ocrx_word' id='word_1_19' title='bbox 409 1268 439 1342; x_wconf 88' lang='lat'>2,</span> <span class='ocrx_word' id='word_1_20' title='bbox 457 1266 570 1329; x_wconf 83' lang='lat' dir='ltr'>seiratt</span> <span class='ocrx_word' id='word_1_21' title='bbox 696 1262 785 1326; x_wconf 78' lang='lat' dir='ltr'>daast.</span> 
     </span>
    </p>

    <p class='ocr_par' dir='ltr' id='par_1_5' title="bbox 297 1380 1376 1593">
     <span class='ocr_line' id='line_1_6' title="bbox 297 1380 1376 1471; baseline -0.01 -19"><span class='ocrx_word' id='word_1_22' title='bbox 297 1431 348 1441; x_wconf 94' lang='lat'><em>-</em></span> <span class='ocrx_word' id='word_1_23' title='bbox 414 1391 443 1464; x_wconf 85' lang='lat'>3,</span> <span class='ocrx_word' id='word_1_24' title='bbox 456 1389 558 1471; x_wconf 82' lang='lat' dir='ltr'>major</span> <span class='ocrx_word' id='word_1_25' title='bbox 693 1387 785 1450; x_wconf 82' lang='lat' dir='ltr'>addit</span> <span class='ocrx_word' id='word_1_26' title='bbox 803 1386 929 1463; x_wconf 71' lang='lat' dir='ltr'>Paris„</span> <span class='ocrx_word' id='word_1_27' title='bbox 946 1384 1133 1449; x_wconf 84' lang='lat' dir='ltr'>luctamine</span> <span class='ocrx_word' id='word_1_28' title='bbox 1147 1380 1376 1446; x_wconf 77' lang='lat' dir='ltr'>decertarent.</span> 
     </span>
     <span class='ocr_line' id='line_1_7' title="bbox 297 1511 1019 1593; baseline 0 -21"><span class='ocrx_word' id='word_1_29' title='bbox 297 1553 348 1563; x_wconf 94' lang='grc'><strong>-</strong></span> <span class='ocrx_word' id='word_1_30' title='bbox 394 1514 444 1588; x_wconf 91' lang='grc'>12,</span> <span class='ocrx_word' id='word_1_31' title='bbox 459 1511 649 1575; x_wconf 81' lang='lat' dir='ltr'>iaaaairatar</span> <span class='ocrx_word' id='word_1_32' title='bbox 695 1518 799 1587; x_wconf 87' lang='lat' dir='ltr'>esset,</span> <span class='ocrx_word' id='word_1_33' title='bbox 817 1516 1019 1593; x_wconf 85' lang='lat' dir='ltr'>reportaret.</span> 
     </span>
    </p>

    <p class='ocr_par' dir='ltr' id='par_1_6' title="bbox 298 1634 783 1720">
     <span class='ocr_line' id='line_1_8' title="bbox 298 1634 783 1720; baseline -0.004 -23"><span class='ocrx_word' id='word_1_34' title='bbox 298 1677 348 1687; x_wconf 90' lang='lat'><em>-</em></span> <span class='ocrx_word' id='word_1_35' title='bbox 394 1638 445 1712; x_wconf 83' lang='lat'>13,</span> <span class='ocrx_word' id='word_1_36' title='bbox 460 1636 611 1720; x_wconf 70' lang='lat' dir='ltr'>aeeiptarat</span> <span class='ocrx_word' id='word_1_37' title='bbox 696 1634 783 1697; x_wconf 82' lang='lat' dir='ltr'>dead.</span> 
     </span>
    </p>

    <p class='ocr_par' dir='ltr' id='par_1_7' title="bbox 307 1757 784 1843">
     <span class='ocr_line' id='line_1_9' title="bbox 307 1757 784 1843; baseline -0.006 -21"><span class='ocrx_word' id='word_1_38' title='bbox 307 1802 349 1811; x_wconf 93' lang='lat'><em>-</em></span> <span class='ocrx_word' id='word_1_39' title='bbox 394 1762 447 1835; x_wconf 80' lang='lat'>20,</span> <span class='ocrx_word' id='word_1_40' title='bbox 465 1760 520 1843; x_wconf 80' lang='lat' dir='ltr'>qai</span> <span class='ocrx_word' id='word_1_41' title='bbox 696 1757 784 1822; x_wconf 79' lang='lat' dir='ltr'>dart.</span> 
     </span>
    </p>

    <p class='ocr_par' dir='ltr' id='par_1_8' title="bbox 299 1882 959 1963">
     <span class='ocr_line' id='line_1_10' title="bbox 299 1882 959 1963; baseline -0.005 -17"><span class='ocrx_word' id='word_1_42' title='bbox 299 1924 350 1934; x_wconf 87' lang='lat'>—</span> <span class='ocrx_word' id='word_1_43' title='bbox 394 1886 448 1960; x_wconf 87' lang='lat'>21,</span> <span class='ocrx_word' id='word_1_44' title='bbox 463 1882 606 1946; x_wconf 73' lang='lat' dir='ltr'>sitiebant</span> <span class='ocrx_word' id='word_1_45' title='bbox 698 1882 899 1963; x_wconf 83' lang='lat' dir='ltr'>quaerebant</span> <span class='ocrx_word' id='word_1_46' title='bbox 915 1888 959 1944; x_wconf 91' lang='lat' dir='ltr'>et.</span> 
     </span>
    </p>

    <p class='ocr_par' dir='ltr' id='par_1_9' title="bbox 300 2005 937 2090">
     <span class='ocr_line' id='line_1_11' title="bbox 300 2005 937 2090; baseline 0 -23"><span class='ocrx_word' id='word_1_47' title='bbox 300 2041 351 2053; x_wconf 86' lang='lat'>-—</span> <span class='ocrx_word' id='word_1_48' title='bbox 396 2008 450 2081; x_wconf 88' lang='grc'>22,</span> <span class='ocrx_word' id='word_1_49' title='bbox 460 2006 633 2090; x_wconf 80' lang='lat' dir='ltr'>prosiliasat</span> <span class='ocrx_word' id='word_1_50' title='bbox 699 2005 937 2088; x_wconf 85' lang='lat' dir='ltr'>prosiliebant.</span> 
     </span>
    </p>
   </div>
   <div class='ocr_carea' id='block_1_5' title="bbox 300 2126 1405 2986">
    <p class='ocr_par' dir='ltr' id='par_1_10' title="bbox 300 2126 1405 2986">
     <span class='ocr_line' id='line_1_12' title="bbox 300 2126 1404 2210; baseline -0.003 -19"><span class='ocrx_word' id='word_1_51' title='bbox 300 2132 355 2204; x_wconf 88' lang='lat'>81,</span> <span class='ocrx_word' id='word_1_52' title='bbox 395 2132 447 2205; x_wconf 89' lang='lat'>10,</span> <span class='ocrx_word' id='word_1_53' title='bbox 462 2129 633 2194; x_wconf 82' lang='lat' dir='ltr'>iatalaraat</span> <span class='ocrx_word' id='word_1_54' title='bbox 699 2129 792 2192; x_wconf 80' lang='lat' dir='ltr'>addit</span> <span class='ocrx_word' id='word_1_55' title='bbox 822 2127 947 2205; x_wconf 79' lang='lat' dir='ltr'>Paris,</span> <span class='ocrx_word' id='word_1_56' title='bbox 973 2127 1075 2210; x_wconf 90' lang='lat' dir='ltr'>quasi</span> <span class='ocrx_word' id='word_1_57' title='bbox 1102 2145 1164 2207; x_wconf 90' lang='lat' dir='ltr'>pro</span> <span class='ocrx_word' id='word_1_58' title='bbox 1191 2126 1306 2189; x_wconf 88' lang='lat' dir='ltr'>edicto</span> <span class='ocrx_word' id='word_1_59' title='bbox 1336 2126 1404 2188; x_wconf 88' lang='lat' dir='ltr'>fre·</span> 
     </span>
     <span class='ocr_line' id='line_1_13' title="bbox 723 2226 1403 2311; baseline -0.003 -21"><span class='ocrx_word' id='word_1_60' title='bbox 723 2237 869 2310; x_wconf 90' lang='lat' dir='ltr'>quenter</span> <span class='ocrx_word' id='word_1_61' title='bbox 888 2227 1123 2311; x_wconf 89' lang='lat' dir='ltr'>proclamante</span> <span class='ocrx_word' id='word_1_62' title='bbox 1152 2226 1225 2289; x_wconf 88' lang='lat' dir='ltr'>alta</span> <span class='ocrx_word' id='word_1_63' title='bbox 1247 2232 1283 2289; x_wconf 93' lang='lat' dir='ltr'>et</span> <span class='ocrx_word' id='word_1_64' title='bbox 1304 2226 1403 2288; x_wconf 90' lang='lat' dir='ltr'>rebo-</span> 
     </span>
     <span class='ocr_line' id='line_1_14' title="bbox 722 2324 1401 2401; baseline -0.007 -10"><span class='ocrx_word' id='word_1_65' title='bbox 722 2335 803 2391; x_wconf 80' lang='lat' dir='ltr'>autc</span> <span class='ocrx_word' id='word_1_66' title='bbox 814 2347 898 2391; x_wconf 88' lang='lat' dir='ltr'>voce</span> <span class='ocrx_word' id='word_1_67' title='bbox 910 2324 1401 2401; x_wconf 86' lang='lat' dir='ltr'>eodemConstantino,‘Mon-</span> 
     </span>
     <span class='ocr_line' id='line_1_15' title="bbox 723 2423 1400 2506; baseline -0.006 -17"><span class='ocrx_word' id='word_1_68' title='bbox 723 2427 767 2490; x_wconf 92' lang='lat' dir='ltr'>tis</span> <span class='ocrx_word' id='word_1_69' title='bbox 790 2426 965 2506; x_wconf 76' lang='lat' dir='ltr'>gaudium,</span> <span class='ocrx_word' id='word_1_70' title='bbox 993 2426 1125 2488; x_wconf 89' lang='lat' dir='ltr'>Montis</span> <span class='ocrx_word' id='word_1_71' title='bbox 1143 2424 1321 2505; x_wconf 83' lang='lat' dir='ltr'>gaudium,</span> <span class='ocrx_word' id='word_1_72' title='bbox 1342 2423 1400 2485; x_wconf 91' lang='lat' dir='ltr'>ad·</span> 
     </span>
     <span class='ocr_line' id='line_1_16' title="bbox 718 2524 1403 2609; baseline -0.003 -22"><span class='ocrx_word' id='word_1_73' title='bbox 718 2525 820 2609; x_wconf 89' lang='lat' dir='ltr'>juvet</span> <span class='ocrx_word' id='word_1_74' title='bbox 842 2524 1024 2600; x_wconf 88' lang='lat' dir='ltr'>Dominus,</span> <span class='ocrx_word' id='word_1_75' title='bbox 1049 2531 1084 2587; x_wconf 93' lang='lat' dir='ltr'>et</span> <span class='ocrx_word' id='word_1_76' title='bbox 1109 2524 1266 2587; x_wconf 88' lang='lat' dir='ltr'>dominus</span> <span class='ocrx_word' id='word_1_77' title='bbox 1287 2530 1403 2587; x_wconf 85' lang='lat' dir='ltr'>noster</span> 
     </span>
     <span class='ocr_line' id='line_1_17' title="bbox 724 2621 1405 2688; baseline -0.006 -1"><span class='ocrx_word' id='word_1_78' title='bbox 724 2624 921 2688; x_wconf 88' lang='lat' dir='ltr'>Ludovicus</span> <span class='ocrx_word' id='word_1_79' title='bbox 937 2624 956 2687; x_wconf 88' lang='lat' dir='ltr'>l&#39;</span> <span class='ocrx_word' id='word_1_80' title='bbox 1009 2624 1055 2686; x_wconf 89' lang='lat' dir='ltr'>Et</span> <span class='ocrx_word' id='word_1_81' title='bbox 1072 2622 1126 2686; x_wconf 90' lang='lat' dir='ltr'>hic</span> <span class='ocrx_word' id='word_1_82' title='bbox 1148 2624 1278 2686; x_wconf 88' lang='lat' dir='ltr'>clamor</span> <span class='ocrx_word' id='word_1_83' title='bbox 1294 2621 1405 2685; x_wconf 87' lang='lat' dir='ltr'>maxi-</span> 
     </span>
     <span class='ocr_line' id='line_1_18' title="bbox 724 2720 1403 2804; baseline -0.003 -19"><span class='ocrx_word' id='word_1_84' title='bbox 724 2744 778 2787; x_wconf 92' lang='lat' dir='ltr'>me</span> <span class='ocrx_word' id='word_1_85' title='bbox 794 2725 922 2787; x_wconf 90' lang='lat' dir='ltr'>amicos</span> <span class='ocrx_word' id='word_1_86' title='bbox 943 2723 1035 2803; x_wconf 83' lang='lat' dir='ltr'>regis</span> <span class='ocrx_word' id='word_1_87' title='bbox 1057 2723 1289 2804; x_wconf 86' lang='lat' dir='ltr'>exasperavit,</span> <span class='ocrx_word' id='word_1_88' title='bbox 1307 2729 1342 2785; x_wconf 86' lang='lat' dir='ltr'>et</span> <span class='ocrx_word' id='word_1_89' title='bbox 1359 2720 1403 2783; x_wconf 91' lang='lat' dir='ltr'>ad</span> 
     </span>
     <span class='ocr_line' id='line_1_19' title="bbox 723 2822 1402 2904; baseline -0.003 -18"><span class='ocrx_word' id='word_1_90' title='bbox 723 2824 919 2898; x_wconf 91' lang='lat' dir='ltr'>vindictam,</span> <span class='ocrx_word' id='word_1_91' title='bbox 938 2830 978 2886; x_wconf 94' lang='lat' dir='ltr'>ut</span> <span class='ocrx_word' id='word_1_92' title='bbox 993 2822 1133 2886; x_wconf 90' lang='lat' dir='ltr'>inferius</span> <span class='ocrx_word' id='word_1_93' title='bbox 1161 2822 1303 2898; x_wconf 85' lang='lat' dir='ltr'>dicetur,</span> <span class='ocrx_word' id='word_1_94' title='bbox 1326 2840 1402 2904; x_wconf 80' lang='lat' dir='ltr'>pro</span> 
     </span>
     <span class='ocr_line' id='line_1_20' title="bbox 723 2923 872 2986; baseline 0.007 -1"><span class='ocrx_word' id='word_1_95' title='bbox 723 2923 872 2986; x_wconf 87' lang='lat' dir='ltr'>vocavit.</span> 
     </span>
    </p>
   </div>
   <div class='ocr_carea' id='block_1_6' title="bbox 304 3050 830 3126">
    <p class='ocr_par' dir='ltr' id='par_1_11' title="bbox 304 3050 830 3126">
     <span class='ocr_line' id='line_1_21' title="bbox 304 3050 830 3126; baseline -0.002 -15"><span class='ocrx_word' id='word_1_96' title='bbox 304 3093 355 3104; x_wconf 90' lang='grc'>-</span> <span class='ocrx_word' id='word_1_97' title='bbox 400 3052 452 3126; x_wconf 87' lang='grc'>13,</span> <span class='ocrx_word' id='word_1_98' title='bbox 469 3059 585 3113; x_wconf 72' lang='lat' dir='ltr'>tar-raa</span> <span class='ocrx_word' id='word_1_99' title='bbox 700 3050 830 3111; x_wconf 90' lang='lat' dir='ltr'>urbem.</span> 
     </span>
    </p>
   </div>
   <div class='ocr_carea' id='block_1_7' title="bbox 304 3173 967 3337">
    <p class='ocr_par' dir='ltr' id='par_1_12' title="bbox 304 3173 967 3337">
     <span class='ocr_line' id='line_1_22' title="bbox 304 3173 967 3248; baseline 0.012 -19"><span class='ocrx_word' id='word_1_100' title='bbox 304 3213 355 3229; x_wconf 77' lang='grc'>.-</span> <span class='ocrx_word' id='word_1_101' title='bbox 399 3175 451 3248; x_wconf 92' lang='grc'>22,</span> <span class='ocrx_word' id='word_1_102' title='bbox 468 3174 640 3237; x_wconf 77' lang='lat' dir='ltr'>warranti·</span> <span class='ocrx_word' id='word_1_103' title='bbox 700 3182 814 3237; x_wconf 84' lang='lat' dir='ltr'>ratum</span> <span class='ocrx_word' id='word_1_104' title='bbox 828 3173 967 3237; x_wconf 86' lang='lat' dir='ltr'>habere.</span> 
     </span>
     <span class='ocr_line' id='line_1_23' title="bbox 471 3282 616 3337; baseline -0.007 -1"><span class='ocrx_word' id='word_1_105' title='bbox 471 3282 616 3337; x_wconf 77' lang='lat' dir='ltr'>addaram</span> 
     </span>
    </p>
   </div>
   <div class='ocr_carea' id='block_1_8' title="bbox 306 3392 1410 4171">
    <p class='ocr_par' dir='ltr' id='par_1_13' title="bbox 306 3392 1410 4171">
     <span class='ocr_line' id='line_1_24' title="bbox 306 3392 1404 3472; baseline -0.004 -14"><span class='ocrx_word' id='word_1_106' title='bbox 306 3434 357 3448; x_wconf 90' lang='lat'>-</span> <span class='ocrx_word' id='word_1_107' title='bbox 401 3396 454 3472; x_wconf 79' lang='lat'>24,</span> <span class='ocrx_word' id='word_1_108' title='bbox 470 3392 616 3458; x_wconf 63' lang='lat' dir='ltr'>didisset</span> <span class='ocrx_word' id='word_1_109' title='bbox 703 3393 795 3457; x_wconf 83' lang='lat' dir='ltr'>addit</span> <span class='ocrx_word' id='word_1_110' title='bbox 812 3393 938 3471; x_wconf 78' lang='lat' dir='ltr'>Paris,</span> <span class='ocrx_word' id='word_1_111' title='bbox 954 3393 1157 3458; x_wconf 83' lang='lat' dir='ltr'>Confidebat</span> <span class='ocrx_word' id='word_1_112' title='bbox 1177 3394 1267 3456; x_wconf 90' lang='lat' dir='ltr'>enim</span> <span class='ocrx_word' id='word_1_113' title='bbox 1289 3393 1325 3455; x_wconf 90' lang='lat' dir='ltr'>in</span> <span class='ocrx_word' id='word_1_114' title='bbox 1347 3410 1404 3455; x_wconf 88' lang='lat' dir='ltr'>sa-</span> 
     </span>
     <span class='ocr_line' id='line_1_25' title="bbox 726 3491 1406 3574; baseline 0 -20"><span class='ocrx_word' id='word_1_115' title='bbox 726 3501 901 3557; x_wconf 87' lang='lat' dir='ltr'>cramento</span> <span class='ocrx_word' id='word_1_116' title='bbox 930 3501 1000 3557; x_wconf 91' lang='lat' dir='ltr'>tam</span> <span class='ocrx_word' id='word_1_117' title='bbox 1030 3495 1133 3574; x_wconf 76' lang='lat' dir='ltr'>regia,</span> <span class='ocrx_word' id='word_1_118' title='bbox 1164 3510 1267 3574; x_wconf 91' lang='lat' dir='ltr'>quam</span> <span class='ocrx_word' id='word_1_119' title='bbox 1293 3491 1406 3555; x_wconf 88' lang='lat' dir='ltr'>Lodo·</span> 
     </span>
     <span class='ocr_line' id='line_1_26' title="bbox 727 3589 1407 3674; baseline -0.003 -20"><span class='ocrx_word' id='word_1_120' title='bbox 727 3594 814 3670; x_wconf 84' lang='lat' dir='ltr'>vici3</span> <span class='ocrx_word' id='word_1_121' title='bbox 830 3592 961 3656; x_wconf 90' lang='lat' dir='ltr'>scilicet</span> <span class='ocrx_word' id='word_1_122' title='bbox 971 3593 1062 3674; x_wconf 92' lang='lat' dir='ltr'>quod</span> <span class='ocrx_word' id='word_1_123' title='bbox 1072 3593 1250 3673; x_wconf 85' lang='lat' dir='ltr'>utriusque</span> <span class='ocrx_word' id='word_1_124' title='bbox 1261 3589 1407 3674; x_wconf 86' lang='lat' dir='ltr'>imprisii</span> 
     </span>
     <span class='ocr_line' id='line_1_27' title="bbox 728 3689 1408 3772; baseline 0 -20"><span class='ocrx_word' id='word_1_125' title='bbox 728 3699 762 3754; x_wconf 91' lang='lat' dir='ltr'>et</span> <span class='ocrx_word' id='word_1_126' title='bbox 793 3690 894 3752; x_wconf 88' lang='lat' dir='ltr'>amici</span> <span class='ocrx_word' id='word_1_127' title='bbox 925 3710 1044 3772; x_wconf 89' lang='lat' dir='ltr'>pacem</span> <span class='ocrx_word' id='word_1_128' title='bbox 1071 3692 1246 3755; x_wconf 90' lang='lat' dir='ltr'>haberent.</span> <span class='ocrx_word' id='word_1_129' title='bbox 1304 3689 1408 3753; x_wconf 90' lang='lat' dir='ltr'>Unde</span> 
     </span>
     <span class='ocr_line' id='line_1_28' title="bbox 727 3789 1408 3874; baseline 0.003 -25"><span class='ocrx_word' id='word_1_130' title='bbox 727 3790 935 3851; x_wconf 87' lang='lat' dir='ltr'>sacramenti</span> <span class='ocrx_word' id='word_1_131' title='bbox 957 3792 1185 3871; x_wconf 74' lang='lat' dir='ltr'>transgressio</span> <span class='ocrx_word' id='word_1_132' title='bbox 1207 3796 1329 3874; x_wconf 88' lang='lat' dir='ltr'>postea</span> <span class='ocrx_word' id='word_1_133' title='bbox 1347 3789 1408 3852; x_wconf 92' lang='lat' dir='ltr'>ob-</span> 
     </span>
     <span class='ocr_line' id='line_1_29' title="bbox 725 3885 1408 3971; baseline 0.004 -24"><span class='ocrx_word' id='word_1_134' title='bbox 725 3886 821 3969; x_wconf 90' lang='lat' dir='ltr'>jecta</span> <span class='ocrx_word' id='word_1_135' title='bbox 846 3885 912 3949; x_wconf 89' lang='lat' dir='ltr'>fuit</span> <span class='ocrx_word' id='word_1_136' title='bbox 935 3890 1010 3969; x_wconf 75' lang='lat' dir='ltr'>regi</span> <span class='ocrx_word' id='word_1_137' title='bbox 1038 3891 1148 3971; x_wconf 88' lang='lat' dir='ltr'>primo</span> <span class='ocrx_word' id='word_1_138' title='bbox 1170 3890 1262 3952; x_wconf 90' lang='lat' dir='ltr'>facta</span> <span class='ocrx_word' id='word_1_139' title='bbox 1283 3889 1326 3951; x_wconf 91' lang='lat' dir='ltr'>ab</span> <span class='ocrx_word' id='word_1_140' title='bbox 1355 3906 1408 3963; x_wconf 90' lang='lat' dir='ltr'>eo,</span> 
     </span>
     <span class='ocr_line' id='line_1_30' title="bbox 730 3986 1410 4069; baseline 0.003 -23"><span class='ocrx_word' id='word_1_141' title='bbox 730 3986 820 4049; x_wconf 92' lang='lat' dir='ltr'>unde</span> <span class='ocrx_word' id='word_1_142' title='bbox 835 3986 915 4069; x_wconf 90' lang='lat' dir='ltr'>jure</span> <span class='ocrx_word' id='word_1_143' title='bbox 938 3991 1078 4069; x_wconf 84' lang='lat' dir='ltr'>negavit</span> <span class='ocrx_word' id='word_1_144' title='bbox 1094 3991 1275 4052; x_wconf 86' lang='lat' dir='ltr'>restituere</span> <span class='ocrx_word' id='word_1_145' title='bbox 1293 3986 1410 4049; x_wconf 93' lang='lat' dir='ltr'>Ludo·</span> 
     </span>
     <span class='ocr_line' id='line_1_31' title="bbox 729 4084 1369 4171; baseline -0.002 -23"><span class='ocrx_word' id='word_1_146' title='bbox 729 4085 826 4148; x_wconf 85' lang='lat' dir='ltr'>vicus</span> <span class='ocrx_word' id='word_1_147' title='bbox 840 4086 923 4168; x_wconf 88' lang='lat' dir='ltr'>jura</span> <span class='ocrx_word' id='word_1_148' title='bbox 937 4088 1114 4171; x_wconf 88' lang='lat' dir='ltr'>postulata</span> <span class='ocrx_word' id='word_1_149' title='bbox 1129 4088 1204 4168; x_wconf 85' lang='lat' dir='ltr'>regi</span> <span class='ocrx_word' id='word_1_150' title='bbox 1220 4084 1369 4166; x_wconf 83' lang='lat' dir='ltr'>Angliae.</span> 
     </span>
    </p>
   </div>
   <div class='ocr_carea' id='block_1_9' title="bbox 311 4207 763 4285">
    <p class='ocr_par' dir='ltr' id='par_1_14' title="bbox 311 4207 763 4285">
     <span class='ocr_line' id='line_1_32' title="bbox 311 4207 763 4285; baseline 0.002 -15"><span class='ocrx_word' id='word_1_151' title='bbox 311 4210 364 4285; x_wconf 90' lang='lat'>82,</span> <span class='ocrx_word' id='word_1_152' title='bbox 402 4211 455 4284; x_wconf 86' lang='lat'>23,</span> <span class='ocrx_word' id='word_1_153' title='bbox 472 4207 552 4270; x_wconf 82' lang='lat' dir='ltr'>Item</span> <span class='ocrx_word' id='word_1_154' title='bbox 709 4208 763 4272; x_wconf 91' lang='lat' dir='ltr'>In.</span> 
     </span>
    </p>
   </div>
   <div class='ocr_carea' id='block_1_10' title="bbox 311 4331 1412 4612">
    <p class='ocr_par' dir='ltr' id='par_1_15' title="bbox 311 4331 1412 4612">
     <span class='ocr_line' id='line_1_33' title="bbox 311 4331 1412 4413; baseline 0.001 -21"><span class='ocrx_word' id='word_1_155' title='bbox 311 4333 363 4406; x_wconf 88' lang='lat'>83,</span> <span class='ocrx_word' id='word_1_156' title='bbox 401 4332 453 4406; x_wconf 93' lang='grc'>21,</span> <span class='ocrx_word' id='word_1_157' title='bbox 468 4331 648 4413; x_wconf 81' lang='lat' dir='ltr'>rafraaarat</span> <span class='ocrx_word' id='word_1_158' title='bbox 706 4331 799 4394; x_wconf 88' lang='lat' dir='ltr'>addit</span> <span class='ocrx_word' id='word_1_159' title='bbox 826 4331 951 4408; x_wconf 73' lang='lat' dir='ltr'>Paris,</span> <span class='ocrx_word' id='word_1_160' title='bbox 976 4333 1105 4396; x_wconf 91' lang='lat' dir='ltr'>Eodem</span> <span class='ocrx_word' id='word_1_161' title='bbox 1130 4351 1220 4395; x_wconf 91' lang='lat' dir='ltr'>anno</span> <span class='ocrx_word' id='word_1_162' title='bbox 1247 4332 1412 4412; x_wconf 84' lang='lat' dir='ltr'>magister</span> 
     </span>
     <span class='ocr_line' id='line_1_34' title="bbox 730 4431 1412 4513; baseline -0.001 -19"><span class='ocrx_word' id='word_1_163' title='bbox 730 4431 927 4513; x_wconf 91' lang='lat' dir='ltr'>Stephanus</span> <span class='ocrx_word' id='word_1_164' title='bbox 953 4431 994 4494; x_wconf 91' lang='lat' dir='ltr'>de</span> <span class='ocrx_word' id='word_1_165' title='bbox 1016 4431 1224 4512; x_wconf 84' lang='lat' dir='ltr'>Langetuna</span> <span class='ocrx_word' id='word_1_166' title='bbox 1251 4431 1412 4512; x_wconf 84' lang='lat' dir='ltr'>generale</span> 
     </span>
     <span class='ocr_line' id='line_1_35' title="bbox 731 4529 1410 4612; baseline -0.001 -20"><span class='ocrx_word' id='word_1_167' title='bbox 731 4529 912 4593; x_wconf 88' lang='lat' dir='ltr'>concilium</span> <span class='ocrx_word' id='word_1_168' title='bbox 924 4531 1111 4595; x_wconf 84' lang='lat' dir='ltr'>celebravit</span> <span class='ocrx_word' id='word_1_169' title='bbox 1120 4531 1211 4612; x_wconf 90' lang='lat' dir='ltr'>apud</span> <span class='ocrx_word' id='word_1_170' title='bbox 1223 4529 1410 4605; x_wconf 84' lang='lat' dir='ltr'>Oxoniam,</span> 
     </span>
    </p>
   </div>
   <div class='ocr_carea' id='block_1_11' title="bbox 0 0 1723 5625">
    <p class='ocr_par' dir='ltr' id='par_1_16' title="bbox 0 0 1723 5625">
     <span class='ocr_line' id='line_1_36' title="bbox 0 0 1723 5625; baseline 0 0"><span class='ocrx_word' id='word_1_171' title='bbox 0 0 1723 5625; x_wconf 95' lang='lat' dir='ltr'> </span> 
     </span>
    </p>
   </div>
  </div>
 </body>
</html>
