3384 5625
337 777 381 840 26
715 790 913 841 nncrrouus
939 793 1069 839 namn.

340 917 396 953 Pac.
434 917 485 951 un.

340 977 392 1054 47,
431 981 484 1052 32,
502 985 618 1040 troctas
633 1024 640 1039 .
656 1022 686 1036 ..
739 977 857 1041 decuma

503 1077 649 1160 arpaiinr

340 1205 394 1278 48,
457 1202 485 1275 1,
501 1218 689 1261 reumon-
740 1216 820 1261 reus
847 1197 1057 1280 postulatur.
1110 1196 1206 1263 Huic
1231 1199 1444 1263 accusationi

498 1298 654 1361 amantes
763 1304 799 1359 et
814 1297 952 1377 plurimi
968 1298 1121 1380 episcopi
1141 1298 1444 1380 praeter-Gundul-

762 1395 881 1476 phum,
899 1395 1096 1461 Roffensem
1113 1397 1324 1478 episcopum,
1343 1416 1443 1459 suum

764 1494 935 1558 calculum
952 1496 1173 1579 adjiciebant,
1188 1503 1234 1559 et.

338 1657 389 1670 —
454 1619 485 1698 7,
501 1619 547 1683 od
566 1638 678 1703 pacem
741 1636 862 1699 pacem
891 1638 969 1683 cum
997 1638 1078 1700 rege
1109 1618 1206 1682 illum
1233 1620 1446 1701 redintegra-

506 1719 678 1782 ...radirc
762 1724 889 1779 turum.

341 1879 392 1894 -
435 1846 691 1927 2l‚poteratpro
742 1841 911 1922 possenti
929 1848 965 1904 et
978 1839 1057 1903 frui.

490 1943 605 2025 spicere

343 2098 392 2111 -
436 2062 691 2137 22‚siocntcm..
743 2060 797 2123 sin
826 2080 925 2124 secus
952 2061 983 2124 ei
1011 2061 1123 2125 visum
1156 2070 1259 2139 esset,
1286 2061 1447 2143 trajicere

506 2158 677 2223 recenant
767 2161 904 2243 quidem
919 2160 1064 2223 liberum
1079 2180 1166 2237 esse,
1177 2161 1236 2224 sed
1253 2159 1446 2224 inconsulte

766 2260 800 2322 id
827 2260 1010 2335 facturum,
1038 2259 1206 2341 siquidem
1233 2260 1363 2322 nnllam
1392 2278 1446 2321 re·

767 2357 922 2421 vertendi
943 2376 1038 2439 spem
1056 2359 1092 2420 in
1110 2366 1287 2441 posterum
1305 2358 1336 2422 ei
1353 2358 1447 2420 futu-

766 2476 852 2519 ram.

343 2618 394 2631 -
437 2580 489 2655 26,
504 2577 694 2641 Eaedem..
746 2577 815 2642 His
833 2578 972 2655 auditis,
989 2579 1151 2643 recedens
1168 2580 1446 2661 archiepiscopus

508 2678 631 2742 concilii
767 2698 811 2741 ex
829 2678 986 2742 concilio.

344 2804 398 2877 49,
458 2804 488 2878 5,
510 2799 696 2884 confusionis
737 2802 937 2884 perturbati
953 2802 1069 2866 animi.

344 2928 396 2976 '-
438 2922 696 3005 aareliptosttas
746 2927 857 3007 pietas
873 2931 908 2988 et
924 2925 1019 2989 vitae.

509 3029 537 3084 ct
554 3020 696 3104 relipiosc

344 3185 395 3196 -
438 3146 490 3218 29,
506 3142 603 3206 seculo
746 3144 811 3206 hoc
826 3144 964 3207 mundo.

346 3302 394 3316 -
437 3270 489 3342 30,
507 3265 681 3348 aedificatio
746 3288 857 3331 usum.

509 3386 576 3429 cem

346 3527 396 3540 -
439 3493 491 3566 32,
507 3493 584 3554 cotia
610 3514 696 3556 oma-
747 3496 877 3568 gratus.

511 3588 581 3651 bilis

348 3713 398 3784 50,
466 3713 495 3786 l,
509 3719 607 3773 matre
746 3704 838 3768 addit
857 3704 981 3782 Paris,
1009 3707 1045 3768 in
1067 3705 1176 3770 literis
1204 3713 1239 3770 et
1257 3704 1447 3786 disciplinis

770 3804 891 3879 sacris,
907 3823 1005 3886 quas.

345 3968 396 3978 —
461 3932 493 4004 2,
511 3931 610 3995 tiara
632 3977 640 3994 .
660 3980 668 3997 .
688 3978 695 3993 .
747 3928 928 4005 didicerat,
945 3929 1068 3992 mirum
1085 3929 1119 3992 in
1138 3928 1276 3992 modum
1290 3935 1449 3994 uersatus

511 4030 650 4093 eraditus
769 4034 856 4090 erat.

347 4187 395 4198 -
460 4154 490 4229 6,
507 4152 697 4238 sab...pcc
747 4151 784 4213 in
807 4157 936 4214 sanctae
958 4149 1179 4232 professionis
1204 4150 1336 4226 habitu,
1357 4149 1449 4232 qnod

509 4251 614 4314 darent
771 4250 940 4332 reliquum
956 4249 1037 4312 vitae
1055 4253 1142 4321 erat,
1156 4249 1357 4330 transigere.

345 4413 396 4424 -
438 4373 698 4450 ll‚monochilem
748 4371 934 4436 monachili
951 4370 1071 4434 habitu
1090 4417 1097 4432 .
1118 4416 1126 4432 .
1145 4417 1153 4434 .
1171 4378 1294 4452 postea
1312 4391 1450 4454 promo·

499 4519 506 4533 .
523 4520 530 4533 .
539 4481 698 4556 promotos
770 4480 825 4534 tus
843 4478 909 4549 est,
923 4470 1074 4534 indutus.

345 4631 393 4640 —-
436 4594 699 4672 limmata-andos
747 4593 998 4676 suspiciendus.
