3384 5625
292 766 357 830 166
662 779 862 827 nncmonns
887 777 1019 825 vrmn.

298 965 523 1036 Francorum,
545 960 644 1042 quasi
662 980 683 1023 a
701 960 852 1025 Domino
873 960 1010 1037 missua,
1032 958 1236 1023 cantillabat
1263 957 1399 1022 Gallice

298 1060 518 1137 modulando,
549 1060 728 1124 ‘Domine
762 1060 850 1124 Jesu
886 1059 1033 1136 Christe,
1074 1078 1209 1123 crucem
1242 1066 1399 1122 sanctam

299 1161 397 1225 nobis
424 1160 592 1237 restitue,'
622 1159 749 1223 additis
773 1160 891 1223 multis
925 1160 1003 1222 aliis
1037 1157 1301 1242 adjectionibus.
1354 1157 1401 1221 Et

299 1281 377 1325 cum
406 1261 450 1322 ab
480 1259 557 1322 aliis
585 1258 701 1341 pueris
730 1259 916 1323 coaetaneis
946 1259 1120 1323 videretur
1150 1264 1185 1322 et
1211 1256 1400 1335 audiretur,

299 1361 534 1443 sequebantur
564 1377 642 1422 eum
678 1358 816 1435 infiniti,
843 1359 903 1441 qui
936 1358 1114 1442 praestigio
1146 1357 1316 1421 diabolico
1342 1376 1402 1439 pe-

300 1461 394 1523 nitus
433 1458 608 1535 infatuati,
639 1458 770 1523 relictis
801 1458 959 1540 patribus
990 1466 1026 1523 et
1051 1458 1231 1532 matrihuS,
1258 1457 1401 1521 nutrici-

299 1561 364 1622 bus
394 1567 430 1623 et
450 1558 569 1621 amicis
593 1558 774 1635 universis,
801 1564 983 1622 cantantes
1006 1556 1109 1621 modo
1136 1556 1305 1620 consimili
1330 1575 1400 1637 quo

301 1677 418 1722 eorum
457 1658 622 1721 cantabat
658 1658 895 1740 paedagogus3
933 1677 996 1721 nec
1033 1676 1091 1720 eos
1124 1662 1273 1739 poterat,
1307 1655 1399 1738 quod

301 1758 423 1820 mirum
449 1763 503 1820 est
527 1757 634 1833 dictu,
653 1758 708 1820 vel
736 1776 814 1821 sera
840 1757 1001 1833 retinere,
1030 1756 1086 1820 vel
1114 1763 1295 1839 parentum
1324 1775 1401 1838 per-

303 1858 419 1921 suasio
444 1876 619 1933 revocare,
645 1857 727 1939 quin
748 1876 847 1921 suum
872 1858 1076 1939 magistrum
1103 1862 1329 1919 memoratum
1351 1872 1402 1917 se-

302 1963 490 2039 querentur
514 1974 635 2020 versus
663 1975 757 2019 mare
780 1956 1083 2031 Mediterraneum,
1106 1954 1197 2037 quod
1228 1953 1403 2038 trajicien-

303 2062 357 2120 tes
395 2055 695 2138 processionaliter
729 2062 763 2118 et
799 2056 976 2119 turmatim
1015 2052 1223 2117 modulando
1261 2072 1404 2135 progre-

302 2156 494 2220 diebantur.
555 2154 638 2217 Non
665 2156 756 2218 enim
784 2162 921 2236 poterat
951 2153 1068 2235 aliqua
1098 2152 1222 2217 civitas
1246 2171 1306 2218 eos
1330 2172 1403 2234 prae

305 2254 526 2318 multitudine
537 2254 613 2337 jam
628 2253 925 2336 comprehendere.
970 2254 1142 2335 Magister
1157 2259 1273 2316 autem
1285 2271 1403 2316 eornm

303 2354 339 2416 iu
361 2372 462 2415 curru
486 2353 679 2434 ponebatur
698 2354 801 2436 pallis
826 2354 1006 2430 adornato,
1031 2354 1181 2435 stipatus
1203 2352 1404 2416 custodibus

303 2452 665 2533 circumstrepentibus
699 2460 734 2517 et
767 2453 922 2516 armatis.
975 2453 1111 2516 Tantus
1137 2459 1253 2515 autem
1286 2471 1404 2515 eorum

305 2558 380 2615 erat
405 2568 580 2627 numerus,
609 2559 649 2615 ut
676 2570 714 2614 se
746 2552 894 2615 invicem
920 2572 992 2634 prae
1023 2552 1130 2615 nimia
1157 2552 1405 2616 numerositate

305 2650 577 2733 comprimerent.
630 2650 778 2715 Beatum
792 2651 882 2715 enim
898 2670 935 2715 se
952 2652 1147 2734 reputabat,
1166 2651 1226 2734 qui
1242 2651 1284 2715 de
1299 2652 1404 2715 vesti-

305 2752 370 2814 bus
385 2750 457 2814 suis
475 2750 534 2814 fila
552 2749 607 2814 vel
623 2750 713 2833 pilos
734 2750 924 2834 discerptos
946 2758 1082 2834 poterat
1095 2758 1284 2835 reportare.
1336 2750 1405 2815 Sed

305 2851 455 2927 tandem,
483 2851 626 2931 antiquo
650 2851 838 2933 impostore
863 2850 1016 2914 Sathana
1037 2851 1268 2929 machinante,
1285 2851 1342 2918 vel
1368 2852 1404 2915 in

306 2957 399 3013 terra
415 2949 470 3013 vel
487 2949 524 3011 iu
543 2949 629 3012 mari
645 2951 820 3031 perierunt
835 2950 997 3014 universi.

594 3113 643 3176 De
656 3122 751 3176 uerte
768 3112 924 3198 Gaasridi
930 3113 1000 3194 fiat
1017 3114 1120 3178 Patri.

356 3243 461 3308 Anno
491 3262 573 3306 vero
599 3243 664 3306 suh
689 3244 808 3307 eodem
832 3242 1022 3308 Gaufridus
1042 3244 1133 3308 filius
1161 3245 1269 3324 Petri,
1298 3249 1406 3312 totius

306 3343 444 3426 Angliae
456 3342 681 3426 justitiariuS,
699 3343 753 3406 vir
768 3363 905 3425 magnae
924 3345 1108 3427 potestatis
1123 3352 1157 3408 et
1174 3347 1405 3424 auctoritatis,

306 3445 341 3506 in
362 3444 550 3506 maximum
576 3442 673 3524 regni
699 3442 939 3506 detrimentum
963 3443 1053 3507 diem
1070 3444 1196 3508 clausit
1213 3451 1405 3510 extremum

308 3542 460 3606 secunda
490 3541 545 3605 die
578 3540 749 3604 Octobris.
818 3541 905 3605 Erat
932 3550 1049 3607 autem
1080 3543 1276 3608 firmissima
1309 3546 1406 3626 regni

306 3642 477 3717 columna,
495 3646 616 3722 utpote
629 3640 682 3702 vir
698 3658 897 3719 generosus,
920 3641 1035 3723 legum
1053 3643 1197 3725 peritus,
1221 3643 1406 3722 thesauris,

306 3739 506 3813 redditibus,
519 3745 554 3802 et
568 3737 726 3801 omnibus
743 3737 842 3800 honis
855 3739 1080 3819 instauratus
1094 3741 1252 3807 omnihus
1266 3741 1406 3825 Angliae

307 3837 526 3919 magnatibus
556 3835 725 3916 sanguine
751 3835 806 3899 vel
832 3838 986 3903 amicitia
1011 3841 1283 3921 confoederatus3
1315 3842 1407 3907 unde

305 3956 368 4000 rex
385 3937 499 4019 ipsum
517 3954 589 4017 prae
603 3935 761 3998 omnibus
779 3937 982 4002 mortalibus
997 3940 1071 4002 sine
1092 3940 1275 4004 dilectione
1289 3940 1408 4004 formi-

306 4035 424 4113 dabat,
441 4035 516 4117 ipse
533 4035 622 4098 enim
637 4034 711 4098 lora
726 4036 824 4117 regni
838 4037 1064 4118 gubernabat.
1117 4039 1218 4103 Unde
1235 4048 1315 4124 post
1330 4040 1407 4124 ejus

306 4136 438 4200 obitum
459 4134 553 4198 sacta
578 4142 631 4198 est
649 4132 779 4215 Anglia
798 4138 898 4217 quasi
921 4138 1185 4220 intempestate
1211 4139 1308 4202 navis
1331 4141 1407 4203 sine

306 4234 551 4316 gubernaculo.
620 4232 729 4317 Cujus
765 4237 984 4319 tempestatis
1030 4238 1166 4301 initium
1207 4237 1274 4302 fuit
1312 4258 1407 4303 mors

306 4331 470 4409 Huberti,
500 4331 760 4397 Cantuariensis
788 4335 1049 4419 archiepiscopi,
1073 4337 1138 4400 viri
1166 4337 1343 4419 magnifici
1371 4346 1408 4403 et

304 4430 438 4510 fidelis;
462 4449 525 4494 nec
548 4439 627 4513 post
648 4441 793 4497 mortem
809 4434 956 4500 istorum
972 4436 1116 4499 duorum
1138 4437 1253 4518 potuit
1274 4434 1408 4517 Anglia

303 4529 484 4614 respirare.
509 4529 596 4593 Cum
608 4530 690 4596 dicti
701 4532 797 4597 Petri
812 4555 904 4599 mors
919 4534 991 4616 regi
1005 4534 1028 4598 J
1031 4535 1159 4598 ohanni
1176 4536 1406 4614 nuntiaretur,
