3384 5625
676 780 877 829 nncrronns
903 780 1036 828 vinis.
1346 766 1411 830 201

355 962 448 1026 Proh
463 964 597 1045 pudor!
628 963 769 1026 marcidi
790 963 925 1039 ribaldi,
943 962 1003 1044 qui
1024 961 1067 1025 de
1086 961 1192 1025 armis
1210 963 1265 1026 vel
1280 963 1404 1027 libera·

353 1061 451 1126 litate
468 1062 606 1125 minime
623 1068 770 1139 norunt3
792 1061 869 1145 jam
886 1063 952 1126 toti
969 1062 1097 1124 mundo
1114 1067 1254 1144 propter
1271 1083 1406 1127 excom-

353 1161 601 1225 municationes
621 1180 703 1224 suas
719 1160 841 1225 volunt
862 1162 1042 1237 dominari,
1064 1161 1233 1242 ignobiles
1255 1163 1404 1225 usurarii

352 1268 388 1323 et
408 1261 614 1324 simoniales.
667 1259 698 1323 0
721 1266 889 1340 quantum
909 1259 1092 1323 dissimiles
1111 1258 1231 1337 Petro,
1256 1262 1314 1343 qui
1340 1263 1410 1340 sibi¹

354 1358 450 1424 Petri
464 1366 635 1442 usurpant
651 1366 784 1440 partem
800 1359 820 1423 1’
873 1359 930 1423 Sic
951 1360 1059 1441 igitur
1075 1360 1352 1443 blasphemantes
1370 1368 1406 1425 et

351 1458 620 1534 recalcitrantes,
637 1465 804 1539 ponentes
822 1477 861 1523 os
879 1459 915 1521 in
930 1459 1065 1523 caelum.

312 1597 367 1634 Pau,
390 1598 442 1635 ull.

302 1661 375 1737 358,
415 1662 445 1733 6,
460 1668 530 1723 oroi
700 1660 855 1740 patebat.

299 1818 351 1828 —
394 1785 446 1858 11,
464 1783 594 1868 inpressi
701 1782 860 1864 ingressi,
877 1791 912 1846 et
929 1791 1051 1865 pontes
1067 1784 1178 1864 glacie
1193 1783 1349 1847 faciente.

300 1939 351 1948 —
396 1905 448 1977 15,
465 1902 675 1987 spoliationem
701 1904 942 1987 spoliationem
960 1913 996 1969 et
1009 1907 1262 1975 irreverentem.

299 2061 351 2070 —
395 2023 646 2101 17,Domioos..
699 2028 869 2093 Dominus
887 2032 990 2094 etiam
1009 2031 1218 2113 StephanuS,
1234 2033 1288 2098 vir
1309 2033 1400 2097 face-

462 2133 616 2190 ectrootos
721 2136 778 2191 tus
796 2136 832 2193 et
852 2130 996 2213 dapsilis
1014 2138 1049 2193 et
1066 2151 1127 2213 per
1143 2133 1260 2195 omnia
1278 2132 1400 2196 lauda·

720 2227 809 2306 bilis,
835 2231 879 2292 ab
900 2229 1046 2294 ecclesia
1071 2231 1241 2295 violenter
1262 2239 1399 2295 extrac-

719 2335 787 2404 tus,
808 2328 933 2393 nobilis
955 2330 998 2392 ab
1016 2329 1237 2411 ignobilibus,
1259 2332 1337 2415 pius
1354 2332 1398 2394 ab

717 2426 843 2509 impiis

296 2585 347 2595 -
391 2544 442 2620 19,
461 2543 601 2610 videlicet
620 2556 648 2610 ot
695 2548 812 2612 meant.

298 2706 348 2717 -
394 2668 445 2743 21,
461 2667 546 2731 dotis
567 2717 598 2732 ..
616 2717 644 2732 ..
694 2672 786 2752 quod
806 2678 861 2733 est
870 2671 1063 2734 miserabile
1077 2671 1200 2749 relatu,
1213 2672 1304 2737 datis
1315 2694 1396 2737 cen·

463 2768 587 2845 maroa,
603 2790 624 2832 a
716 2777 789 2857 turn
807 2770 943 2846 marcis,
962 2770 1005 2833 ab
1023 2769 1208 2852 exquisite.

295 2931 345 2940 —
390 2890 443 2966 26,
458 2890 505 2954 od
519 2890 621 2954 uriom
695 2893 749 2957 vel
766 2894 954 2969 latuerunt,
970 2893 1025 2957 vel
1040 2893 1246 2957 Londinum.

459 2990 636 3053 Loodooo‘o-

461 3110 533 3152 rom

293 3249 343 3260 —
388 3211 440 3286 29,
458 3209 566 3274 deindo
692 3211 781 3274 doost.

292 3365 343 3374 -
387 3333 438 3406 30,
454 3331 559 3396 caimos
571 3303 590 3398 Ι.
610 3384 617 3398 .
635 3384 641 3397 .
691 3335 822 3417 rapinis
838 3341 1028 3409 cesserunt,
1046 3343 1081 3398 et
1096 3334 1229 3398 nobiles
1242 3343 1276 3398 et
1290 3357 1393 3416 gene-

456 3443 605 3496 oossooooot
713 3452 801 3496 rosae
821 3433 982 3497 mulieres
1003 3433 1151 3496 ludibrio
1174 3436 1392 3516 exponeban-

712 3538 778 3594 tur.

292 3651 365 3726 359,
406 3655 435 3729 5,
453 3653 641 3740 siciamus}
689 3656 805 3718 desani.

448 3764 543 3836 pocot

288 3909 339 3918 —
405 3878 436 3952 9,
456 3877 578 3941 toodom
689 3874 932 3940 maledicentes
953 3878 1044 3960 regis
1064 3879 1264 3956 versutiam,
1286 3881 1392 3961 tergi-

457 3979 596 4041 rooooori
710 3976 937 4050 versationes,
961 3984 995 4039 et
1013 3976 1263 4051 infidelitatem,
1287 3985 1322 4040 et
1336 3979 1389 4040 di·

709 4080 827 4135 centes
859 4075 1009 4154 suspiria
1040 4074 1259 4154 geminando,
1285 4075 1389 4139 ‘Veh

709 4169 772 4233 tibi
798 4170 991 4247 Johannes,
1016 4190 1136 4252 regum
1158 4170 1289 4247 ultime,
1314 4171 1389 4236 An·

708 4270 844 4351 glorum
870 4269 1063 4352 principum
1082 4269 1305 4347 abominatio,
1326 4291 1388 4336 no-

707 4369 853 4432 bilitatis
868 4367 1072 4452 Anglicanae
1087 4369 1261 4435 confusio!
1290 4369 1387 4437 Heu!

708 4466 838 4549 Anglia
851 4468 926 4553 jam
943 4477 1080 4533 vastata
1096 4469 1293 4551 etamplius
1308 4489 1386 4534 vas-

707 4568 835 4633 tanda!
865 4568 965 4632 Heu!
990 4567 1131 4648 Anglia,
1149 4567 1292 4650 Anglia,
1315 4590 1384 4632 om-
