3384 5625
672 785 870 833 LRGTIONES
897 785 1030 832 VARlAE.

296 910 353 947 PAG.
393 909 444 944 ult.

294 975 348 1047 94,
412 975 442 1049 3,
460 972 526 1035 tria
695 970 849 1052 triginta.

294 1135 345 1146 -
413 1092 443 1169 7,
460 1095 539 1178 cepit
699 1095 800 1157 nimis
852 1095 963 1159 elatus
1010 1103 1045 1159 et
1092 1096 1263 1177 gloriosus
1312 1096 1403 1179 cepit

719 1195 824 1259 illico.

296 1356 348 1366 —
414 1323 444 1395 8,
459 1328 487 1382 ct
500 1318 545 1382 sie
564 1368 572 1383 .
589 1367 595 1381 .
615 1368 647 1383 ..
699 1319 793 1382 etsie
807 1318 917 1382 indies
928 1318 1047 1396 erevit,
1060 1320 1251 1382 seminante
1263 1320 1403 1383 humani

462 1418 599 1483 luserant
722 1419 858 1499 generis
885 1418 1023 1481 inimico
1049 1418 1118 1481 odii
1141 1418 1260 1483 lolium
1281 1426 1315 1482 et
1333 1420 1401 1481 dis-

722 1518 848 1582 cordiae
866 1518 997 1581 zizania
1014 1518 1216 1600 interreges
1235 1527 1268 1582 et
1282 1538 1402 1601 regna,

720 1617 847 1681 bellum
866 1617 1152 1681 cruentissimum.

297 1787 348 1797 -
394 1747 445 1819 11,
463 1743 559 1825 Circe
584 1742 649 1805 dics
700 1740 803 1804 Circa
820 1742 893 1804 dies
909 1742 996 1804 istos
1010 1741 1163 1804 surrexit
1177 1740 1403 1805 contradictio

462 1843 535 1906 istos
552 1889 581 1904 ..
597 1842 646 1905 da
721 1849 757 1904 et
770 1840 849 1902 rixa
863 1841 899 1903 in
914 1840 1054 1904 civitate
1072 1839 1329 1904 Londoniarum
1350 1842 1402 1903 in-

466 1943 542 2005 oimo
560 1941 648 2004 tertio
723 1949 775 2004 ter
798 1958 968 2022 pauperes
994 1946 1029 2002 et
1052 1940 1178 2003 divites
1201 1940 1245 2003 ob
1265 1947 1404 2003 contur-

465 2040 614 2105 kalendas
720 2040 896 2104 bationem
913 2038 1058 2121 tallagii,
1077 2040 1169 2121 quod
1183 2058 1204 2101 a
1221 2040 1325 2119 regiis
1341 2041 1402 2102 mi·

463 2137 644 2204 Novembris
721 2140 839 2204 nistris
864 2139 1071 2220 exigebatur
1091 2138 1133 2201 ad
1160 2138 1232 2203 fisci
1253 2158 1403 2203 commo·

720 2240 818 2315 dum3
841 2238 1023 2303 voluerunt
1038 2239 1127 2301 enim
1142 2238 1403 2302 excellentiores

722 2339 862 2413 civium,
880 2338 1131 2422 quosMajores
1150 2346 1185 2401 et
1202 2337 1403 2402 Alderman-

722 2458 786 2502 nos
810 2438 966 2515 dicimus,
985 2437 1078 2501 facta
1095 2439 1404 2502 communicatione

724 2538 758 2599 in
775 2557 838 2601 suo
856 2536 1032 2618 hastingo,
1050 2538 1183 2619 seipsos
1199 2557 1339 2601 servare
1353 2538 1406 2600 in-

723 2638 863 2699 demnes
883 2643 944 2699 aut
961 2636 1082 2700 saltem
1101 2637 1175 2699 sine
1192 2637 1405 2717 gravamine,

724 2744 759 2799 et
790 2734 1011 2818 pauperiores
1040 2734 1257 2799 vehementer
1285 2736 1405 2817 exagi-

725 2844 811 2901 tare.
841 2835 1018 2900 Willelmo
1033 2835 1152 2917 itaque
1164 2834 1234 2898 filio
1249 2835 1407 2912 Roberti,

725 2941 955 3019 cognomento
987 2940 1092 2998 ‘cum
1130 2934 1270 3011 Barba,'
1306 2934 1405 3018 cujus

725 3055 835 3116 genus
873 3017 1005 3098 avitum
1049 3035 1092 3098 ob
1135 3034 1405 3115 indignationem

724 3134 1005 3198 Normannorum
1028 3133 1148 3197 radere
1168 3136 1309 3197 barbam
1324 3154 1403 3198 con·

728 3235 881 3314 tempsit,
910 3233 1162 3307 recalcitrante,
1193 3240 1228 3296 et
1258 3233 1407 3315 majores

727 3333 881 3396 civitatis
902 3352 965 3414 pro
983 3333 1058 3414 jam
1084 3332 1177 3394 dicta
1199 3351 1304 3395 causa
1328 3352 1407 3413 pro-

728 3432 857 3494 ditores
874 3431 1003 3494 domini
1018 3431 1109 3512 regis
1126 3431 1313 3507 vocitante,
1332 3440 1409 3493 orta

728 3538 782 3594 est
797 3530 920 3594 seditio
938 3530 1054 3611 gravis
1075 3531 1110 3592 in
1134 3530 1276 3594 civitate
1299 3549 1408 3611 usque

719 3629 772 3694 'ad
804 3648 902 3694 arma
936 3629 1159 3711 capessenda.
1211 3628 1407 3693 Willelmus

728 3737 843 3793 autern
861 3730 1015 3794 infinitos
1033 3729 1075 3806 de
1094 3729 1354 3811 pauperioribus
1372 3738 1407 3793 et

726 3830 955 3893 mediocribus
977 3836 1099 3892 contra
1120 3829 1286 3911 majorem
1308 3836 1342 3892 ct
1360 3829 1408 3891 al-

727 3929 932 3992 dermannos
946 3929 1086 3992 exacuit
1096 3935 1130 3991 et
1145 3927 1329 4003 excitavit3
1348 3928 1408 3990 sed

727 4047 788 4109 per
810 4028 1046 4110 pusillanimes
1073 4032 1107 4088 et
1129 4026 1314 4105 degeneres
1341 4027 1409 4087 dis-

727 4127 878 4206 sipatum
902 4132 955 4189 est
976 4124 1156 4187 consilium
1177 4124 1302 4188 civium
1319 4123 1408 4186 Wil-

729 4225 831 4288 lelmo
864 4222 1174 4287 confoederatorum
1211 4223 1254 4285 ad
1293 4223 1410 4286 resist-

728 4324 852 4386 endum
869 4323 1024 4404 ipsorum
1040 4321 1188 4406 injuriae.
1225 4322 1408 4387 Enervatis

726 4423 834 4503 igitur
860 4422 993 4484 civibus
1019 4423 1245 4487 mediocribus
1271 4430 1306 4485 et
1327 4443 1411 4504 pau-

726 4521 930 4603 perioribus,
969 4529 1079 4585 totum
1117 4522 1318 4585 refuderunt
1349 4543 1409 4585 rex
